4092 6050
332 939 352 1019 0
372 939 435 1001 rso

326 2855 346 2935 0
369 2854 433 2917 000

1018 804 1199 865 ..100-

612 934 646 999 3⁰
670 938 873 1003 Accusativo.
904 975 940 983 —
959 936 1079 1013 Questo
1102 941 1281 1003 accusativo
1305 941 1332 1002 si
1355 950 1447 1004 treva
1461 941 1543 1024 dopo
1561 944 1718 1024 preposiz.

567 1042 613 1107 La
635 1044 692 1127 piu
714 1063 849 1109 comune
871 1049 890 1108 0
912 1045 966 1126 ad,
989 1065 1083 1110 meno
1105 1046 1262 1128 frequenti
1283 1047 1371 1110 inter
1392 1067 1410 1112 e
1432 1048 1481 1112 ob.

566 1150 659 1215 latter
669 1170 722 1215 res
733 1151 872 1235 agendas
884 1150 957 1233 (Iul.
971 1155 1026 1233 45,
1040 1151 1093 1233 20,
1106 1152 1160 1233 20)
1175 1189 1213 1203 -
1228 1155 1311 1217 inter
1325 1153 1530 1236 spectandum
1547 1155 1643 1236 (Aug.
1662 1157 1722 1234 45,

502 1260 554 1339 59,
580 1260 632 1337 25)
657 1296 698 1305 -
722 1257 1002 1323 interserendum
1027 1258 1113 1339 (Ner.
1138 1260 1191 1339 32,
1217 1261 1291 1342 185,
1316 1262 1346 1340 2)
1371 1260 1501 1342 (110615
1525 1262 1590 1339 89).

568 1362 687 1439 Questa
716 1382 843 1448 propos.
870 1363 920 1428 col
942 1364 1077 1447 gerund.
1095 1366 1122 1427 si
1138 1370 1231 1429 treva
1245 1366 1341 1430 molto
1356 1368 1390 1429 in
1402 1366 1527 1448 Plauto,
1542 1368 1723 1450 ricompare

501 1472 535 1533 in
559 1469 658 1554 Verg.
681 1489 700 1534 e
722 1470 808 1535 nella
829 1470 952 1533 latinitat
979 1476 1139 1553 argentea.

571 1575 616 1639 Oh
639 1576 862 1659 expellendum
893 1595 935 1641 ex
965 1576 1045 1641 urbe
1076 1575 1261 1640 Ciceronem
1291 1576 1369 1657 (Tib.
1394 1578 1425 1658 2,
1449 1578 1501 1658 81,
1528 1578 1579 1658 19)
1614 1578 1722 1641 —ob

500 1682 794 1767 subterfugiendum
818 1683 1008 1765 quandoque
1030 1684 1080 1747 ius
1103 1682 1213 1766 (Vesp.
1242 1684 1295 1765 23,
1320 1686 1395 1765 234,
1420 1687 1484 1765 25).

567 1789 631 1853 Per
653 1789 796 1855 indicare
818 1790 850 1854 lo
866 1808 959 1873 scopo
975 1790 993 1853 d
1009 1809 1080 1853 rara
1094 1789 1180 1853 nella
1195 1790 1303 1854 buona
1317 1791 1437 1854 latiniti
1456 1791 1549 1872 (Vedi
1565 1793 1583 1873 §
1607 1793 1672 1872 90).

609 2005 647 2064 4ο
671 2001 822 2066 Ablata'vo
848 2040 885 2048 -
921 2006 953 2081 0)
983 2004 1239 2085 frequentissimo
1273 2006 1388 2069 00010
1416 2024 1541 2089 prepos.
1567 2005 1604 2068 c'n
1627 2025 1645 2069 e
1668 2006 1721 2073 de.

498 2107 646 2193 Esempio

565 2216 634 2281 Neo
657 2220 781 2301 parcior
801 2219 835 2281 in
860 2218 971 2283 bellica
992 2221 1109 2284 uirtute
1132 2220 1316 2284 honoranda
1339 2220 1434 2302 (Aug.
1459 2220 1511 2300 38,
1537 2221 1588 2301 55,
1605 2220 1658 2298 20)
1676 2256 1719 2265 -

499 2322 538 2387 de
553 2326 688 2407 negotiis
710 2322 750 2388 ad
773 2325 970 2407 frequentem
994 2324 1147 2391 Senatum
1170 2326 1346 2392 referendis
1369 2326 1467 2408 (Aug.
1498 2328 1552 2402 35,
1580 2328 1632 2406 54,
1650 2327 1717 2406 37).

608 2430 637 2511 b)
661 2438 753 2495 usato
774 2431 1110 2514 indipendentemente
1132 2452 1223 2498 come
1246 2433 1340 2497 ablat.
1364 2433 1397 2496 di
1420 2452 1536 2497 mezzo.
1565 2432 1623 2497 Es:

565 2536 700 2602 Noctem
715 2540 964 2621 continuumque
979 2540 1113 2603 biduum
1126 2541 1283 2624 epulando
1302 2541 1503 2623 potandoque
1525 2542 1722 2622 consumpsit

498 2644 577 2724 (nu.
603 2647 655 2725 35,
682 2647 756 2727 103,
782 2646 845 2725 30).

565 2858 648 2923 Nota
676 2879 792 2923 ancora
813 2862 823 2922 i
846 2860 1013 2943 gerundivi
1040 2861 1270 2945 poenitendus,
1290 2862 1474 2945 00000000,
1496 2862 1655 2943 frequenti
1684 2863 1721 2923 iu

499 2964 584 3032 Suet.
612 2970 712 3050 (come
728 2968 829 3032 anche
844 2968 900 3052 piu
914 2968 949 3031 in
964 2967 1093 3051 Tacito),
1110 2969 1193 3034 dove
1208 2970 1220 3032 i
1235 2969 1326 3034 verbi
1337 2968 1483 3053 poenitct
1498 2988 1516 3034 e
1524 2969 1626 3052 pudet
1642 2987 1721 3033 sono

497 3076 638 3138 costruiti
661 3075 924 3157 personalmente.
953 3074 1135 3158 Quest'uso,
1166 3096 1226 3159 pur
1251 3096 1316 3140 non
1347 3079 1503 3141 contrario
1536 3076 1598 3140 alla
1626 3095 1722 3159 prosu

498 3180 640 3262 classica,
659 3181 701 3244 ha
722 3189 800 3264 pero
823 3183 857 3244 in
880 3201 951 3245 essa
973 3184 1037 3245 rari
1061 3185 1192 3266 esempi.

566 3287 780 3368 (1000810010,
794 3288 928 3353 obscura
939 3289 1129 3371 illaquidem
1140 3310 1177 3354 ac
1186 3292 1255 3355 sine
1268 3291 1340 3355 ullis
1352 3291 1507 3354 maiorum
1518 3290 1719 3372 imaginibus

498 3396 554 3460 sed
577 3400 682 3459 tamen
705 3395 896 3478 reipublicae
919 3415 1121 3478 nequaquam
1144 3397 1333 3479 paenitenda
1356 3396 1464 3479 (Vesp.
1484 3398 1513 3477 1,
1532 3397 1608 3475 224,
1626 3398 1672 3474 4).

565 3502 605 3566 Di
625 3503 799 3586 pudendus
821 3504 847 3566 si
871 3504 976 3566 hanno
998 3504 1055 3587 piu
1078 3506 1209 3587 esempi.

567 3609 657 3673 Circa
680 3609 802 3674 cultum
824 3610 1030 3693 habitumque
1046 3611 1126 3675 adeo
1149 3610 1316 3695 pudendus
1340 3609 1427 3690 (Ner.
1457 3611 1510 3691 51,
1537 3611 1611 3692 196,
1649 3611 1704 3694 28)

932 3838 991 3901 IV.
1017 3876 1058 3885 —
1083 3840 1199 3920 supino
1223 3838 1277 3919 (l).

611 4038 645 4099 1⁰
669 4033 790 4119 Supino
814 4037 932 4099 inum.
974 4071 1008 4081 -
1036 4033 1154 4110 Questo
1185 4035 1300 4117 supino
1327 4039 1345 4098 0
1373 4040 1463 4097 neoto
1491 4036 1540 4097 coi
1567 4034 1656 4098 verbi
1686 4034 1719 4096 di

499 4145 691 4208 movimento
715 4145 913 4226 spessissimo
938 4160 1047 4224 presso
1070 4144 1082 4205 i
1104 4143 1226 4222 comici,
1258 4141 1449 4205 abbastanza
1475 4145 1655 4205 raramente
1685 4143 1720 4202 in

499 4249 569 4314 Oea.
593 4249 694 4314 Cicer,
720 4250 912 4314 eridiventa
934 4249 1099 4331 frequente
1122 4250 1154 4310 iu
1179 4247 1268 4328 8011,
1284 4247 1386 4325 Livio,
1410 4247 1529 4313 Tacito.
1556 4248 1669 4311 Anche
1685 4249 1720 4309 in

500 4354 587 4422 Svet.
614 4376 647 4421 se
669 4375 710 4421 ne
734 4357 840 4420 hanno
864 4355 956 4421 molti
979 4356 1110 4438 esempi.

566 4463 714 4528 Cubitum
746 4484 780 4529 se
810 4484 848 4529 eo
878 4462 1064 4527 contulisset
1093 4463 1190 4544 (Aug.
1215 4462 1246 4539 6,
1271 4463 1325 4543 40,
1356 4463 1407 4540 13)
1433 4498 1473 4507 -
1507 4461 1590 4542 quod
1620 4459 1720 4524 filiam

499 4592 590 4637 suam
613 4571 707 4636 Baias
730 4572 901 4636 salutatum
924 4572 1064 4634 venisset
1088 4569 1186 4651 (Aug.
1212 4570 1265 4651 64,
1290 4570 1343 4650 66,
1368 4570 1434 4650 22).

551 4812 590 4880 (1)
609 4811 634 4864 11
653 4812 752 4879 supino
771 4810 786 4864 ὁ
806 4827 843 4864 00
863 4826 928 4864 vero
948 4811 1102 4864 eostautivo
1115 4807 1235 4877 verbale,
1256 4810 1335 4863 nesto
1354 4806 1473 4862 soltanto
1485 4806 1627 4862 all'accus.
1644 4823 1718 4875 -000,

499 4900 631 4955 all’ablot.
651 4917 693 4967 -0,
713 4916 728 4954 0
747 4899 773 4953 01
792 4901 848 4954 dat.
868 4898 922 4966 00,
949 4898 993 4952 del
1016 4897 1081 4968 qual
1107 4897 1204 4952 ultimo
1222 4897 1245 4951 s'
1258 4898 1293 4951 ha
1312 4896 1428 4965 qualche
1446 4899 1547 4951 traceio
1565 4897 1671 4951 aroaioa
1689 4897 1720 4948 in

500 4989 607 5056 Plauto,
628 5007 643 5043 e
661 4989 748 5044 anche
768 5005 805 5042 un
824 4990 944 5056 esempio
964 4990 992 5041 in
1013 4987 1090 5041 Livio
1109 5004 1124 5042 e
1142 4989 1171 5041 in
1192 4987 1281 5041 Plinio
1298 4988 1379 5055 (Nat.
1398 4987 1488 5054 5000).
