4092 6050
320 1404 341 1484 g
365 1402 429 1465 216

1007 786 1186 847 ..126-

837 1135 872 1216 O)
893 1136 1136 1221 despicerem·
1158 1137 1368 1221 dispiuntirc.

606 1410 640 1471 1⁰
663 1407 701 1471 In
727 1406 878 1473 Suetonio
901 1427 991 1472 corne
1014 1409 1047 1469 in
1070 1406 1177 1473 Tacito
1200 1426 1218 1471 e
1242 1409 1274 1470 in
1308 1426 1426 1491 genere
1459 1407 1546 1493 negli
1575 1409 1710 1472 scrittori

493 1513 620 1580 dell’etd
642 1520 832 1599 argenteae
855 1533 1040 1598 scomparsa
1061 1514 1092 1577 la
1114 1513 1281 1579 differenza
1295 1520 1343 1579 tra
1365 1519 1426 1578 acet
1447 1534 1465 1579 e
1488 1514 1552 1593 ocl3
1568 1517 1710 1581 cosicche

493 1640 604 1706 spcaso
626 1621 741 1685 accede
764 1620 797 1684 di
822 1626 946 1685 trovato
962 1623 1045 1685 serie
1060 1619 1092 1683 di
1108 1625 1204 1686 aut...
1223 1629 1319 1687 aut...
1337 1640 1433 1687 senza
1451 1622 1510 1686 che
1525 1623 1556 1684 vi
1571 1623 1618 1687 sia
1633 1641 1711 1687 vera

493 1726 783 1809 contrapposizione
806 1726 838 1788 di
860 1728 1012 1790 concetti:

559 1834 605 1897 Ut
627 1833 770 1917 plerique
792 1833 935 1897 advenae
958 1837 1013 1896 aut
1035 1834 1118 1897 inter
1139 1834 1227 1897 vicos
1241 1838 1297 1898 aut
1311 1835 1518 1899 intervias...
1544 1842 1711 1901 manerent

494 1938 565 2021 (Iul.
593 1942 646 2019 39,
673 1939 725 2021 18,
749 1940 780 2020 8)
799 1940 935 2003 -alias
958 1940 1073 2021 (urbes)
1090 1944 1145 2003 aut
1170 1959 1243 2005 aere
1265 1940 1369 2006 alieno
1388 1940 1559 2005 laborantis
1581 1941 1708 2024 levavit,

417 2094 422 2100 -
493 2052 547 2112 aut
569 2052 674 2114 terrae
698 2050 786 2110 motu
813 2047 982 2111 subversas
1005 2047 1109 2111 denuo
1144 2047 1294 2128 condidit,
1318 2052 1373 2111 aut
1402 2049 1515 2113 merita
1543 2067 1620 2131 erga
1652 2070 1707 2133 po-

492 2155 604 2238 pulum
615 2153 654 2217 R.
668 2154 852 2237 adlegantes
864 2152 1037 2217 Latinitate
1053 2154 1106 2217 vel
1122 2156 1249 2218 civitate
1264 2153 1395 2218 donavit
1409 2155 1505 2238 (Aug.
1520 2156 1574 2235 47,
1588 2156 1641 2235 60,
1654 2157 1708 2236 29)

478 2296 535 2325 .-
560 2280 701 2344 eaque...
728 2266 783 2325 aut
805 2262 845 2324 ad
868 2261 1057 2326 domesticas
1072 2267 1127 2327 aut
1142 2260 1181 2324 ad
1197 2263 1395 2327 exercituum
1410 2264 1709 2345 provinciarumque

492 2372 631 2431 rectores
658 2373 712 2431 aut
739 2368 779 2431 ad
804 2368 892 2431 urbis
922 2370 1126 2451 magistratus
1155 2366 1343 2451 plerumque
1372 2368 1516 2472 mittebat
1539 2369 1634 2453 (Aug.
1654 2369 1709 2451 89,

494 2476 546 2556 77,
572 2476 695 2553 22-23).

603 2687 638 2747 20
662 2685 746 2749 Nota
768 2685 918 2749 sice-sice
940 2686 998 2748 che
1022 2686 1050 2748 si
1073 2691 1166 2749 treva
1179 2684 1312 2749 talvolta
1327 2685 1413 2767 negli
1428 2686 1565 2748 scrittori
1583 2684 1711 2749 dcll'eta

492 2792 654 2874 imperiale
679 2797 768 2855 usato
791 2796 1055 2855 scorrettamente
1079 2791 1128 2856 col
1150 2811 1242 2875 cong.
1264 2792 1395 2855 anziche
1417 2809 1477 2855 con
1498 2790 1616 2855 l'indic.

558 2898 597 2962 ln
620 2900 745 2981 agmine
770 2897 906 2980 (Cacsar)
931 2899 1081 2980 anteibat,
1105 2901 1208 2982 capite
1231 2898 1363 2978 detecto,
1380 2918 1437 2963 seu
1460 2897 1518 2979 sol,
1534 2917 1592 2962 seu
1606 2897 1710 2962 imber

492 3009 576 3071 esset
600 3004 671 3087 (lul.
699 3007 751 3088 57,
777 3006 830 3088 25,
855 3006 918 3086 26).

836 3325 875 3406 D)
896 3325 1138 3409 Ooopiamac‘coc'
1160 3310 1365 3391 cccmscticc.

605 3565 639 3626 10
665 3563 811 3632 cerer-cm
828 3592 869 3618 =
889 3563 955 3628 sed.
986 3599 1030 3611 -
1057 3562 1225 3640 Quost’uso
1252 3583 1330 3648 poce
1357 3569 1503 3644 correttc,
1526 3565 1652 3646 proprio
1677 3565 1709 3626 di

492 3671 597 3735 alcuni
620 3672 756 3736 scrittori
779 3689 844 3734 non
867 3671 988 3734 classici
1012 3668 1182 3753 (Sallustio,
1199 3668 1300 3751 Livio,
1317 3668 1435 3748 Tacito)
1458 3670 1499 3732 ha
1520 3688 1599 3753 pure
1621 3672 1710 3733 molti

492 3779 612 3862 esempi
634 3779 668 3840 in
692 3775 778 3843 Suet.

559 3884 706 3948 Getarum
740 3886 914 3967 composita
953 3884 1108 3948 seditione
1144 3884 1231 3946 civili
1260 3882 1495 3947 Dolabellam...
1536 3884 1710 3968 postulavit
1737 3876 1741 3881 ’

493 3991 566 4072 (Iul.
585 3994 665 4072 4‚4‚
683 3992 735 4071 17)
769 4029 800 4037 -
828 3991 968 4055 laudavit
984 3991 1112 4072 quidem
1128 3992 1278 4074 pietatem
1301 3995 1464 4073 tantopere
1486 4009 1544 4076 pro
1569 4009 1605 4053 se
1626 3990 1710 4053 indi·

490 4100 668 4182 gnantium,
693 4102 834 4162 ceterum
858 4103 889 4162 et
912 4096 1124 4162 inlacrimauit
1152 4100 1185 4160 ot
1207 4099 1308 4160 vicem
1332 4115 1421 4160 suam
1448 4101 1638 4178 conquestus
1661 4105 1711 4160 cst

493 4204 588 4288 (Aug.
610 4205 662 4285 66,
681 4205 734 4287 67,
752 4205 881 4286 32-33).

604 4422 639 4482 20
663 4419 778 4502 Spcsso
802 4418 888 4484 Svet.
909 4418 959 4500 (ad
988 4421 1167 4483 imitazione
1190 4418 1222 4481 di
1237 4416 1333 4480 Livio
1357 4437 1375 4482 e
1397 4416 1526 4498 Tacito),
1550 4419 1711 4500 supprime

492 4527 625 4607 l’clrcm,
641 4527 919 4608 nell'opposizione
934 4544 999 4587 non
1014 4525 1149 4590 modo...
1168 4524 1223 4589 sed
1240 4525 1348 4589 ctiam.
1369 4561 1407 4569 -
1424 4523 1497 4587 Non
1520 4522 1615 4587 modo
1637 4524 1710 4587 albo

493 4634 634 4698 iudicum
661 4635 766 4710 erasit,
794 4632 899 4696 sedin
921 4633 1178 4714 peregrinitatem
1200 4633 1321 4713 redegit
1344 4629 1401 4712 (Gl.
1424 4630 1475 4711 16,
1501 4631 1577 4708 155,
1596 4630 1649 4707 32)
1669 4667 1708 4675 —

492 4759 554 4802 non
572 4739 666 4802 modo
682 4739 848 4801 artissimis
865 4737 984 4800 osculis
1000 4736 1104 4820 palam
1127 4741 1296 4819 exceptum
1316 4735 1355 4799 ab
1371 4754 1419 4816 eo,
1435 4735 1493 4799 sed
1519 4739 1555 4798 ut
1576 4736 1618 4798 sit
1640 4736 1710 4799 sino
1841 4775 1849 4791 .

494 4865 582 4908 mora
597 4844 766 4909 velleretur
782 4852 906 4908 oratum
931 4842 1033 4922 (calb.
1063 4845 1115 4925 22,
1141 4843 1215 4924 109,
1240 4844 1282 4922 3).
