4092 6050
1004 823 1162 885 ..36-

472 1000 509 1009 -
535 962 737 1026 Athletnrum
762 959 942 1044 spectaculo
973 960 1128 1025 muliebre
1156 980 1249 1025 secus
1281 979 1374 1023 omne
1405 959 1481 1023 adeo
1512 960 1692 1040 summovit,

469 1074 503 1132 ut
525 1067 757 1152 pontificalibus
779 1067 864 1131 ludis
886 1066 1033 1150 pugilum
1056 1087 1113 1150 per
1135 1068 1329 1151 postulatum
1359 1065 1517 1130 distulerit
1545 1068 1579 1129 in
1608 1068 1689 1130 inse-

468 1177 594 1258 quentis
624 1174 686 1239 diei
709 1176 902 1238 matutinum
925 1178 1052 1257 tempus
1080 1174 1277 1256 edixeritque
1311 1173 1461 1238 mulieres
1486 1177 1558 1237 unte
1581 1174 1692 1237 horam

469 1285 613 1366 quintam
639 1284 756 1357 ,venire
788 1283 823 1344 in
853 1282 986 1363 theatro,
1018 1301 1083 1345 non
1114 1281 1237 1365 placere
1269 1282 1364 1366 (Aug.
1396 1283 1450 1363 44,
1483 1282 1536 1360 59,
1569 1281 1690 1360 13-17).

977 1548 1089 1613 (54Ρο
1112 1549 1189 1614 XII.

922 1693 1006 1761 Uno
1029 1692 1096 1761 dei
1119 1692 1245 1761 modi.

636 1908 676 1989 Α)
706 1908 770 1972 1755
792 1907 846 1971 dei
869 1907 1055 1971 martinello
1075 1906 1302 1990 proposiuiout
1321 1906 1517 1990 principali.

853 2102 878 2165 l.
905 2140 945 2149 -
970 2104 1032 2168 Uso
1055 2103 1308 2167 dcll’indicetivo.

536 2260 745 2326 L’indicativo
768 2263 801 2324 in
824 2260 921 2325 latino
946 2262 1038 2325 vieno
1062 2266 1154 2325 usato
1177 2262 1210 2323 in
1233 2261 1328 2344 luogo
1352 2261 1403 2325 del
1438 2281 1529 2344 cong.
1560 2263 1690 2326 italiano

470 2366 554 2431 nelle
576 2367 787 2450 proposizioni
809 2366 941 2430 relative
962 2366 1207 2431 indeterminate
1219 2367 1433 2447 (cominoianti
1448 2368 1515 2431 oioe
1531 2368 1688 2450 perquis-

469 2474 555 2557 quo's,
571 2474 777 2557 quicumque,
793 2472 1051 2556 qualiscumque,
1062 2477 1166 2554 prout
1187 2492 1205 2537 5
1228 2473 1345 2554 simili).

580 2583 611 2660 u)
634 2580 792 2661 Tuttavia,
816 2580 941 2661 quando
964 2579 987 2642 il
1010 2580 1108 2643 verbo
1131 2581 1164 2644 di
1178 2580 1233 2643 tali
1256 2582 1466 2663 proposizioni
1489 2581 1690 2664 eall’imper·

469 2691 545 2755 l'etto
569 2686 865 2772 opiuchcperfetto,
889 2690 917 2752 si
931 2689 973 2751 hu
995 2689 1095 2752 talora
1116 2689 1218 2753 anche
1242 2688 1264 2751 il
1286 2708 1377 2771 cong.
1402 2687 1582 2770 Quest'uso,
1607 2691 1689 2753 assai

469 2816 540 2860 raro
562 2798 595 2859 in
618 2796 771 2860 Cicerone
794 2796 837 2875 (1)
854 2814 871 2859 e
888 2794 1003 2859 (lesere
1020 2796 1074 2876 (2),
1090 2795 1220 2859 diventa
1235 2796 1399 2877 frequente
1422 2797 1474 2878 gia
1495 2797 1530 2858 in
1542 2795 1689 2861 Cornelio

468 2902 602 2986 Nepote,
625 2904 677 2986 poi
699 2904 731 2965 in
756 2901 847 2966 Livio
872 2921 890 2966 e
913 2904 964 2965 nei
980 2904 1137 2985 prosatori
1160 2902 1288 2966 dell’eta
1318 2902 1481 2985 imperiale
1505 2904 1557 2982 (3).
1582 2902 1688 2967 Tacito

468 3016 543 3094 pero
560 3009 725 3093 proferisoe
748 3008 947 3074 l’lndicativo
964 3010 1017 3090 (4).
1034 3008 1189 3074 Pareochi
1212 3010 1334 3092 esempi
1356 3029 1391 3074 se
1406 3030 1447 3075 ne
1462 3010 1568 3075 hanno
1585 3011 1685 3074 anche

467 3118 502 3180 in
526 3115 685 3182 Suetonio.
709 3117 833 3181 Eooone
857 3117 985 3180 alcuni:

534 3225 634 3289 Prout
656 3224 783 3288 domino
806 3229 979 3307 patronove
1005 3227 1115 3306 gratus
1142 3225 1196 3305 qui
1220 3228 1305 3288 esset
1334 3223 1404 3304 (151.
1433 3225 1473 3286 21
1479 3273 1487 3305 ,
1513 3227 1564 3296 13,
1590 3226 1621 3302 3)
1648 3262 1684 3270 -

469 3331 561 3412 (Altri
584 3333 719 3414 esernpi:
745 3331 830 3414 Aug.
849 3333 902 3412 35,
920 3333 972 3412 54,
990 3331 1049 3409 383
1074 3329 1160 3413 Aug.
1186 3331 1239 3412 89,
1257 3332 1309 3411 77,
1327 3332 1385 3409 24;
1403 3330 1468 3394 Cal.
1488 3333 1539 3412 15,
1558 3332 1632 3413 115,
1651 3333 1685 3408 1;

468 3439 543 3504 Ner.
576 3440 629 3520 21,
662 3440 737 3520 179,
767 3439 803 3514 7;
831 3436 908 3502 Ner.
938 3438 990 3518 25,
1023 3437 1098 3518 181,
1133 3438 1186 3516 26)
1212 3457 1338 3519 -quo
1365 3438 1487 3504 vellent
1509 3446 1540 3502 et
1564 3441 1688 3520 quoties

467 3545 749 3627 551155165128,
776 3546 827 3626 13,
854 3545 905 3625 10)
928 3581 968 3591 -
993 3544 1147 3626 quidquid
1170 3550 1278 3610 autem
1295 3545 1415 3628 ubique
1435 3545 1572 3609 militum
1603 3552 1687 3610 esset

467 3653 561 3735 (Aug.
586 3652 639 3733 49,
663 3652 716 3732 61,
743 3651 853 3731 16)-
880 3652 1109 3733 cuiuscumque
1147 3654 1252 3715 essent
1286 3654 1424 3732 (versus)
1447 3654 1582 3734 optimos
1616 3671 1686 3717 esse

466 3759 561 3842 (Aug.
582 3759 635 3839 98,
648 3759 701 3840 83,
716 3759 768 3838 26)
789 3759 1058 3840 —quotiensque
1082 3759 1228 3822 introiret
1251 3757 1364 3841 (Calig.
1384 3761 1414 3840 7,
1434 3760 1509 3840 121,
1527 3759 1579 3838 20)
1597 3759 1687 3843 [quo-

464 3867 610 3946 tiensque
634 3886 675 3926 :
699 3866 984 3946 quotienscumque
1007 3867 1035 3927 si
1058 3865 1149 3948 legge
1175 3867 1194 3927 2
1219 3865 1303 3929 volte
1327 3866 1462 3929 soltanto
1486 3869 1520 3929 in
1536 3865 1687 3930 Suetonio

466 3972 559 4056 (Aug.
570 3973 622 4052 37,
634 3973 687 4051 55,
702 3973 741 4034 13
759 3991 776 4036 5
791 3971 851 4035 155.
869 3973 945 4051 cit).
959 3969 1235 4046 Quest’usoeraro
1243 3973 1345 4055 prima
1371 3972 1404 4034 di
1430 3971 1614 4056 Columella]
1644 3975 1686 4055 (5)

469 4117 506 4125 -
532 4078 778 4161 qualescumque
801 4084 834 4142 et
856 4081 1111 4160 quantacumque
1135 4078 1174 4142 de
1197 4099 1293 4143 causa
1316 4083 1450 4143 nanctus
1472 4084 1554 4144 esset
1578 4080 1685 4162 (Galig.

469 4187 542 4268 120,
579 4187 699 4268 3,13).

517 4482 557 4550 (1)
574 4481 628 4535 Per
653 4481 689 4550 gli
717 4483 820 4550 esempi
844 4483 872 4535 di
892 4481 1032 4550 Cicerone,
1053 4483 1117 4537 redi
1147 4482 1282 4550 annnuu,
1307 4505 1318 4530 κ
1340 4481 1419 4551 Synt.
1446 4481 1496 4540 lat.
1519 4506 1543 4550 e,
1565 4500 1592 4551 p.
1621 4483 1683 4550 342,

466 4573 530 4625 neta
552 4573 577 4624 1.

517 4659 556 4728 (2)
574 4658 609 4711 15
627 4659 725 4714 Oesure
743 4675 797 4713 non
817 4675 847 4714 se
866 4676 901 4713 ne
917 4675 1033 4730 possono
1052 4659 1138 4717 citare
1157 4661 1207 4714 che
1225 4661 1243 4713 4
1261 4660 1363 4728 esempi
1382 4660 1460 4727 certi,
1480 4660 1547 4714 tutti
1561 4658 1605 4714 551
1621 4661 1685 4714 «De

465 4746 528 4800 bell.
549 4747 603 4801 civ.
626 4770 650 4802 ».

516 4837 556 4904 (3)
574 4837 708 4904 litamur,
732 4857 744 4883 ι
764 4837 804 4892 La
821 4837 923 4906 langue
943 4840 970 4892 et
988 4837 1015 4891 la
1034 4841 1196 4906 grammaire
1215 4839 1248 4891 de
1267 4838 1297 4892 u.
1318 4839 1384 4892 Live
1406 4861 1430 4906 »,
1451 4855 1479 4906 p.
1501 4839 1562 4892 294.
1666 4883 1670 4893 .

516 4926 556 4992 (4)
575 4924 721 4981 Cousrrus.
741 4942 769 4994 p.
790 4926 836 4980 93.

516 5012 555 5080 (5)
575 5011 727 5084 Wtinrnnru,
752 5035 763 5060 «
785 5012 871 5068 Aroh.
892 5013 911 5066 1.
932 5012 980 5068 lat.
1000 5013 1070 5068 Lex.
1092 5015 1148 5067 und
1167 5015 1259 5069 Gram.
1282 5038 1307 5083 2,
1326 5013 1378 5085 XI,
1399 5014 1491 5068 402-3.
