4092 6050
889 781 1047 843 „93-

358 920 406 983 dir
428 939 500 984 cose
522 939 587 983 000
609 925 721 1002 troppo
745 918 900 983 differenti
924 918 982 982 ohe
1005 918 1057 982 del
1080 918 1174 1001 quod.
1201 917 1315 982 Anehe
1340 919 1394 1000 qui
1410 919 1454 982 mi
1478 918 1578 981 limito

357 1027 419 1091 alle
433 1026 599 1110 principali
616 1026 814 1109 irregolarita
829 1030 937 1090 notate
954 1025 1005 1088 dal
1019 1024 1232 1090 Traohmann.

468 1136 500 1209 0)
524 1132 782 1200 1061001100-
808 1134 841 1196 1⁰
865 1131 931 1195 Con
954 1132 1076 1196 l'oratio
1100 1132 1227 1215 obliqua
1251 1133 1292 1211 (la
1308 1132 1400 1214 quale
1423 1132 1580 1196 riohiede-

357 1240 453 1305 rebbe
475 1240 556 1305 nelle
579 1259 704 1323 propos.
724 1239 907 1323 dipendenti
921 1238 945 1301 il
961 1241 1086 1322 cong.):
1111 1238 1203 1301 Multi
1226 1238 1446 1322 prodiderunt:
1470 1238 1579 1302 villam

357 1349 391 1410 in
413 1345 600 1411 Nemorensi
623 1366 642 1409 a
663 1346 878 1411 fundamentis
900 1345 1091 1426 inchoatam,
1115 1347 1191 1427 quia
1213 1364 1277 1410 non
1299 1350 1367 1409 tota
1381 1345 1421 1408 06
1437 1346 1578 1409 animum

358 1456 388 1519 ei
411 1454 625 1537 responderat,
648 1458 746 1517 totam
770 1453 905 1516 diruisse
929 1451 1001 1533 (Iul.
1021 1453 1076 1533 46,
1094 1453 1147 1533 20,
1164 1453 1229 1532 38).

470 1563 505 1623 2ο
529 1560 662 1637 Quando
685 1560 717 1623 la
739 1580 835 1623 eausa
858 1560 1040 1642 appartiene
1055 1559 1085 1621 al
1099 1563 1241 1642 soggetto
1258 1558 1339 1623 della
1353 1578 1443 1642 prop.
1462 1560 1577 1641 prino:

358 1668 438 1732 altro
472 1687 546 1731 caso
575 1669 608 1729 in
643 1669 695 1731 eui
718 1668 748 1730 la
774 1667 899 1729 sintassi
931 1666 1064 1729 classica
1096 1666 1264 1748 preterisoe
1286 1665 1310 1728 il
1332 1685 1424 1749 cong.
1461 1665 1580 1730 Alcuni

358 1776 478 1857 esempi
501 1774 533 1837 di
554 1775 619 1839 106.
639 1776 672 1836 10
687 1774 731 1837 101
747 1793 819 1837 caso
835 1774 981 1837 abbiamo
997 1774 1031 1835 in
1047 1770 1134 1837 Suet.
1153 1772 1280 1837 Eccone
1297 1793 1377 1837 uno:

424 1880 609 1945 Sestertium
632 1898 770 1961 namquo
794 1880 994 1962 quingenties
1029 1898 1103 1942 oum
1137 1880 1343 1962 praecipuum
1376 1881 1459 1943 inter
1494 1879 1580 1963 lega·

358 1991 453 2052 tarios
476 1988 646 2066 habuisset,
678 1988 752 2069 quia
786 1991 895 2049 notata
918 2006 982 2049 non
1004 1987 1180 2069 perscripta
1203 1992 1270 2050 erat
1293 2006 1428 2069 summa,
1462 1986 1579 2050 herede

357 2095 482 2161 Tiberio
504 2094 644 2177 legatum
666 2094 708 2157 06
731 2095 905 2177 quingenta
935 2097 1115 2174 revocante,
1138 2112 1178 2157 ne
1201 2094 1280 2157 haeo
1305 2093 1434 2175 quidem
1457 2095 1579 2177 aceepit

359 2201 460 2283 (Galb.
480 2203 511 2282 5,
529 2203 603 2282 201,
621 2202 747 2281 29-32).

468 2413 497 2494 6)
531 2412 759 2496 comptonam.
794 2448 834 2457 -
871 2410 968 2487 erasi
1000 2416 1076 2477 tutti
1111 2416 1138 2477 01
1174 2416 1327 2497 spiegauo
1362 2434 1421 2478 eon
1456 2414 1579 2478 l’oratio

359 2521 495 2604 obliqua.
516 2519 610 2584 Meno
627 2519 799 2603 spiegabile
816 2520 837 2583 il
854 2525 1018 2602 seguente:
1043 2520 1237 2586 Immaturae
1252 2522 1386 2605 puellae,
1403 2522 1477 2603 quia
1491 2540 1579 2584 more

358 2628 471 2691 tradito
488 2627 575 2691 nefas
591 2633 676 2691 esset
691 2628 830 2711 virgines
847 2628 1047 2709 strangulari,
1063 2630 1190 2692 vitiatae
1205 2629 1292 2711 prius
1305 2648 1323 2691 a
1335 2627 1494 2710 carnifice,
1505 2627 1580 2693 6010

359 2735 573 2818 strangulatae
589 2733 668 2816 (Tib.
689 2735 743 2815 61,
762 2735 836 2813 112,
855 2736 897 2815 7).

425 2839 558 2905 L'rrnica
590 2842 789 2924 spiegazione
816 2841 965 2924 possibile
988 2847 1007 2907 0
1030 2843 1088 2906 ohe
1112 2843 1143 2906 la
1166 2863 1261 2909 causa
1294 2845 1477 2926 appartiene
1514 2862 1579 2906 non

358 2948 419 3012 allo
443 2950 595 3027 scrittore,
619 2968 672 3010 ma
694 2947 722 3011 al
746 2947 911 3029 carnefice,
935 2950 993 3013 ohe
1009 2968 1044 3013 se
1060 2968 1124 3012 000
1141 2954 1158 3013 e
1174 2949 1196 3013 il
1220 2953 1375 3036 soggetto,
1399 2954 1417 3013 e
1440 2956 1516 3033 pero
1536 2969 1579 3013 un

359 3057 515 3120 elemento
538 3040 629 3119 della
644 3075 734 3138 prop.
761 3056 946 3138 principale.

470 3269 505 3350 O)
521 3269 753 3352 Proposa‘xa'oaa'
767 3265 899 3332 00110011
920 3287 980 3332 cort
1003 3270 1133 3352 000060
1157 3271 1211 3351 (1).
1232 3307 1272 3315 -
1298 3268 1431 3344 Quando
1454 3270 1579 3334 causale

359 3379 481 3458 (100000
515 3376 565 3440 601
589 3375 644 3459 piu
678 3394 813 3439 comune
848 3375 1116 3458 quandoquidem)
1140 3378 1158 3441 e
1182 3377 1304 3441 arcaico
1339 3378 1381 3456 (2)
1405 3397 1517 3441 manca
1547 3379 1580 3439 in

359 3485 473 3550 cesare
496 3484 535 3548 ed
558 3489 576 3548 e
599 3503 669 3546 raro
695 3485 728 3546 in
751 3482 919 3555 6100000ος
944 3481 1095 3549 Sallustio
1111 3504 1152 3548 00
1172 3485 1212 3547 ha
1227 3485 1374 3568 pareccbi
1390 3485 1510 3568 esempi
1526 3486 1580 3567 (3),

359 3593 425 3657 cosi
447 3611 528 3675 pure
549 3590 656 3654 Tacito
674 3587 728 3671 (4).
748 3589 802 3653 Un
818 3595 903 3654 certo
926 3609 1059 3654 numero
1075 3590 1108 3653 di
1123 3593 1244 3674 esempi
1267 3591 1413 3656 abbiamo
1429 3593 1462 3655 in
1479 3590 1580 3674 Suet,

360 3719 378 3765 e
393 3697 450 3783 pin
460 3699 687 3782 precisamente
701 3698 718 3760 7
734 3696 987 3779 ooll’indieativo‚
1000 3697 1019 3760 9
1033 3697 1081 3761 col
1096 3699 1312 3780 congiuntivo.
1335 3697 1459 3763 Eccone
1476 3699 1581 3762 alcuni

359 3807 480 3888 esempi
503 3803 640 3868 dell’uno
657 3822 675 3866 0
691 3802 845 3868 dell'altro
863 3823 936 3866 uso:

430 3910 699 3976 Uoll’a'ndicala'oo.
717 3946 758 3956 -
782 3907 916 3984 Quando
932 3911 1019 3974 vario
1035 3909 1129 3974 modo
1145 3912 1280 3994 quisque
1297 3911 1469 3995 discipulos
1490 3930 1581 3976 exer·

358 4025 492 4083 cuerunt
508 4015 567 4096 (De
582 4018 662 4081 rhet.
682 4017 711 4097 1,
729 4017 804 4096 269,
821 4017 853 4098 8)
877 4053 909 4062 -
929 4017 1056 4098 quando
1076 4018 1174 4100 captis
1203 4019 1314 4082 castris
1340 4017 1453 4083 lectica
1475 4020 1581 4084 eius...

358 4144 517 4189 concursu
533 4125 671 4187 hostium
687 4123 832 4186 confossa
849 4127 945 4205 atque
960 4122 1098 4187 lacerata
1114 4129 1162 4188 est
1178 4124 1273 4208 (Aug.
1291 4126 1343 4206 91,
1362 4125 1492 4206 78,19).

429 4230 483 4296 Uol
505 4229 724 4311 coapianttvo.
753 4228 995 4294 -Arbitrium
1021 4237 1176 4294 terrarum
1204 4230 1289 4296 orbis
1316 4232 1461 4314 portendi
1484 4232 1581 4296 inter·

358 4343 530 4421 pretentes,
554 4335 679 4418 quando
704 4341 818 4417 mater,
851 4356 946 4418 quam
980 4337 1156 4402 subiectam
1178 4338 1238 4401 sibi
1261 4337 1404 4420 vidisset,
1433 4338 1582 4402 nonalia

414 4524 453 4592 (1)
471 4522 646 4590 aalma,
666 4523 729 4576 libr.
750 4523 810 4590 cit,
832 4541 858 4592 p.
879 4525 924 4577 35.
1546 4596 1548 4599 Ι

414 4611 453 4678 (2)
473 4611 507 4664 V.
519 4610 552 4666 G.
563 4610 735 4679 Srunnuurn,
749 4633 761 4660 «
777 4611 874 4666 Studia
886 4613 915 4665 in
929 4613 1034 4680 priscos
1047 4615 1195 4682 scriptores
1207 4613 1307 4669 latinos
1323 4639 1348 4683 0,
1362 4615 1415 4671 vol.
1439 4615 1477 4669 11.
1499 4615 1583 4669 Bero-

360 4699 420 4766 liui,
441 4700 615 4768 Weidmann,
638 4701 705 4754 1891
725 4701 850 4769 (quando
870 4702 979 4755 causale
998 4702 1027 4755 in
1046 4701 1154 4771 Plauto,
1166 4720 1193 4771 p.
1216 4703 1266 4756 121
1290 4734 1319 4743 -
1339 4705 1453 4772 qumodo
1472 4705 1582 4759 causale

361 4790 389 4842 in
409 4788 546 4857 Terenzio,
567 4807 594 4857 p.
611 4790 683 4859 131).

414 4879 612 4947 (9111000001,
632 4895 676 4948 op.
696 4880 757 4947 eit,
778 4897 805 4947 p.
827 4879 890 4936 246.

413 4969 453 5036 (4)
472 4967 616 5036 Genauam,
636 4984 680 5036 op.
701 4968 761 5037 cit,
781 4985 808 5036 p.
831 4969 892 5023 106.
