4092 6050
865 779 1044 843 -115—
1121 832 1129 848 ,

415 916 477 983 1151
500 917 590 983 molti
612 916 769 999 participii
793 916 851 983 che
874 917 915 983 ho
939 920 1046 983 notato
1080 922 1203 985 1551515
1233 938 1297 985 555
1323 916 1568 985 classificanione

348 1052 403 1116 per
426 1032 542 1099 vedere
565 1030 596 1097 di
620 1031 816 1115 distinguere
839 1031 921 1097 l’uso
944 1026 1146 1115 postolassico
1168 1032 1301 1099 dall'uso
1323 1032 1464 1099 classico.

461 1246 502 1327 Α)
526 1244 711 1327 Particrpa'o
732 1244 956 1313 aestuationis.
983 1282 1020 1293 -
1046 1244 1086 1309 In
1108 1246 1207 1310 latino
1230 1245 1311 1312 l'uso
1335 1247 1386 1313 dei
1412 1247 1570 1330 participii

349 1353 581 1439 scstantiratie
600 1352 694 1419 molto
721 1371 816 1419 meno
839 1354 1004 1436 frequente
1028 1371 1046 1417 e
1068 1352 1166 1419 libero
1188 1353 1247 1419 che
1269 1355 1303 1417 in
1325 1373 1431 1436 greco,
1455 1354 1569 1421 inoltre

350 1478 445 1527 meno
468 1477 603 1525 comune
619 1459 649 1523 51
664 1459 822 1542 singolare
838 1460 1071 1543 (specialmeute
1087 1477 1121 1527 55
1136 1459 1159 1523 11
1173 1461 1338 1544 participio
1354 1464 1372 1527 5
1388 1460 1417 1525 51
1432 1463 1569 1543 5555515)

351 1568 410 1633 che
434 1566 462 1629 al
486 1566 618 1649 plurale.

417 1673 516 1737 L'uso
539 1674 573 1736 in
596 1672 746 1739 Suetonio
769 1678 787 1737 5
810 1673 986 1756 frequente,
1011 1693 1045 1739 se
1068 1693 1134 1737 non
1156 1674 1420 1756 frequentissimo.

419 1780 545 1847 Similes
568 1780 673 1847 aiebat
695 1799 765 1849 esse
790 1799 886 1849 aureo
909 1780 1003 1847 5555
1034 1780 1229 1864 piscantibus
1251 1780 1347 1865 (Aug.
1375 1782 1429 1863 25,
1456 1781 1509 1864 49,
1539 1782 1569 1862 2)

352 1926 394 1939 -·—
418 1889 601 1971 provincias
624 1908 697 1955 cum
717 1889 850 1971 imperio
874 1889 1002 1971 petituri
1028 1889 1102 1955 hinc
1132 1888 1363 1957 deducerentur
1392 1889 1489 1972 (nug.
1516 1890 1569 1972 29,

353 1997 406 2077 51,
433 1996 485 2075 12)
518 2032 558 2043 -
584 2014 646 2077 quo
673 2000 780 2061 autem
803 1995 876 2063 lecti
899 1994 1086 2078 probatique
1113 1997 1338 2076 (senatoresl...
1363 1996 1571 2079 frangerentur

352 2102 450 2185 (Aug.
478 2103 531 2183 35,
557 2104 610 2183 54,
634 2103 687 2183 28)
715 2140 750 2151 -
779 2106 982 2185 quaesturam
1003 2103 1104 2169 functi
1126 2106 1318 2169 consuerant
1333 2102 1431 2185 (Aug.
1450 2104 1503 2183 36,
1516 2104 1569 2186 55,

1629 1242 1649 1321 5
1674 1239 1737 1302 raa

351 2206 384 2289 9)
413 2246 450 2257 -
488 2208 699 2291 militiamque
732 2208 971 2292 auspicantibus
975 2258 1043 2277 .....
1068 2209 1296 2293 praefecturam
1329 2209 1452 2275 515155
1484 2209 1571 2275 dedit
1687 2276 1690 2279 ,

352 2316 449 2399 (Aug.
476 2316 530 2398 38,
548 2318 600 2397 55,
618 2317 670 2397 24)
690 2352 730 2362 -
746 2315 936 2380 desideranti
959 2316 1220 2381 consuetudinem
1244 2319 1383 2381 veteram
1399 2315 1495 2398 (Aug.
1514 2317 1569 2395 40,

354 2422 407 2503 56,
434 2422 484 2502 12)
513 2458 550 2471 -
568 2421 728 2506 supplevit
750 2441 815 2487 non
838 2420 1029 2488 habentibus
1054 2423 1150 2505 (Aug.
1174 2424 1229 2504 41,
1254 2423 1308 2504 51,
1331 2422 1362 2502 8)
1393 2459 1431 2471 -
1464 2421 1570 2489 151155

351 2530 446 2595 uxori
468 2532 592 2595 tuntum
608 2530 695 2610 afuit,
711 2531 747 2595 ut
761 2529 927 2612 relegatae,
943 2530 1029 2611 quod
1044 2530 1212 2595 minimum
1228 2535 1277 2593 est
1292 2528 1375 2594 offici
1390 2529 1571 2594 5515555-

353 2636 461 2701 nitatis
473 2635 593 2717 aliquid
605 2635 783 2718 impertiret
793 2634 874 2717 (Tib.
890 2637 943 2719 50,
958 2636 1033 2719 106,
1046 2637 1100 2716 30)
1116 2674 1147 2687 -
1159 2638 1312 2718 visusque
1324 2641 1371 2700 est
1382 2635 1570 2720 peridoneus

353 2747 539 2827 praeceptor
562 2744 701 2809 maxime
724 2741 764 2808 ad
786 2744 941 2826 poeticam
964 2744 1169 2809 tendentibus
1192 2742 1481 2828 (1155511262,
1505 2745 1569 2825 20).

464 2954 503 3043 Β)
526 2954 708 3040 Ρ551151515
724 2975 784 3019 555
797 2974 846 3019 ure
860 2956 1038 3023 5551551155
1062 2960 1184 3023 tamma
1206 2956 1234 3021 il
1257 2958 1401 3041 15555111
1416 2978 1464 3022 55
1478 2978 1571 3024 nome

353 3063 477 3130 5515515
502 3068 640 3131 orbatio
664 3064 714 3127 551
737 3064 1030 3147 555115111555
1049 3065 1280 3149 propositione
1301 3066 1489 3149 mplicotioo
1512 3087 1572 3130 555

352 3172 448 3256 quod.
478 3209 516 3217 -
543 3169 711 3246 Quest’uso
734 3171 792 3235 555
815 3176 906 3236 trova
920 3171 951 3234 la
966 3191 1025 3237 555
1039 3173 1240 3255 spiegazione
1253 3172 1338 3237 nella
1352 3173 1506 3238 tendenza
1521 3175 1569 3239 del

353 3281 452 3343 latino
468 3277 721 3361 all’espressione
737 3283 893 3360 concreta,
916 3297 934 3342 e
957 3280 1015 3342 ohe
1040 3279 1067 3342 si
1089 3284 1180 3342 trova
1201 3280 1254 3362 gia
1276 3280 1309 3342 15
1332 3278 1399 3345 Cic.
1425 3279 1464 3343 ed
1477 3286 1495 3345 b
1510 3282 1568 3345 fre·

353 3390 472 3469 quante
487 3385 711 3469 specialmente
726 3387 760 3450 in
775 3384 878 3466 Livio,
902 3389 920 3450 ὸ
943 3387 1057 3451 invece
1082 3405 1176 3450 meno
1198 3386 1363 3469 frequente
1374 3389 1406 3450 in
1423 3385 1572 3452 Suetonio

353 3495 414 3559 che
437 3495 468 3556 vi
491 3493 659 3577 5151511555
681 3493 834 3558 l'astratto
857 3492 906 3558 col
928 3493 1027 3576 genit.
1055 3495 1110 3575 (1).

420 3600 500 3666 Post
530 3599 683 3684 proditam
714 3601 797 3665 551111
827 3599 961 3684 Pompei
990 3599 1126 3665 classem
1156 3601 1254 3683 (Aug.
1289 3601 1419 3683 14,,11,
1444 3603 1497 3680 21)
1528 3636 1572 3651 -

357 3728 457 3772 5555
470 3709 684 3772 5551555515
696 3705 983 3772 efflatamanimam
999 3710 1128 3791 signum
1139 3707 1293 3772 alienatae
1308 3710 1424 3772 mentis
1436 3709 1574 3773 ostendit

355 3816 453 3898 (hug.
485 3815 538 3895 99,
565 3815 620 3896 84,
648 3815 700 3892 10)
736 3851 772 3862 -
811 3814 851 3878 oh
881 3814 1056 3879 1151155155
1086 3815 1175 3880 155115
1209 3818 1394 3899 argenteam
1424 3815 1573 3880 laminam

357 3921 467 4006 (Calig.
495 3923 548 4001 32,
575 3922 648 4002 134,
672 3921 715 4002 8).

358 4077 593 4092 m

355 4181 404 4235 nel
430 4181 470 4248 2⁰,
490 4179 641 4249 55115515
660 4181 754 4240 breve.
775 4183 808 4234 t:
829 4212 863 4221 -
886 4202 896 4227 1
918 4181 1034 4237 Caesare
1058 4185 1119 4251 post
1142 4184 1267 4251 receptas
1292 4181 1439 4250 Hispanias
1464 4185 1575 4252 expedi·

362 4294 373 4318 r
387 4271 488 4326 tionem
503 4272 532 4323 in
545 4270 632 4342 115555
645 4272 672 4323 51
686 4271 750 4324 inde
762 4271 791 4324 in
804 4271 921 4326 Parthos
933 4272 1098 4342 destinante,
1112 4271 1280 4340 5155515555
1292 4271 1462 4340 Apolloniam
1475 4274 1575 4328 studiis

355 4381 371 4406 a
387 4360 506 4415 vocarit.
527 4359 619 4428 thue
637 4359 756 4428 5115155
768 4360 888 4414 occisum
899 4376 963 4414 555
977 4360 1158 4429 heredemque
1170 4375 1200 4414 55
1215 4360 1357 4429 55555111,
1370 4360 1418 4417 diu
1429 4365 1575 4416 cunctatus

363 4473 373 4496 ι
388 4466 422 4506 55
442 4450 581 4518 proximas
599 4447 719 4518 legiones
734 4447 902 4517 1551515151,
924 4450 951 4503 id
970 4449 1079 4518 quidem
1092 4448 1238 4506 consilinm
1256 4453 1288 4506 51
1306 4465 1435 4518 praeceps
1447 4451 1575 4506 immatu-

362 4553 504 4607 «rumque
523 4538 625 4605 omisit,
652 4540 774 4591 ceterum
792 4537 859 4591 urbe
879 4539 994 4606 repetita
1012 4538 1194 4591 hereditatem
1213 4538 1291 4606 adiit,
1315 4538 1459 4592 dubitante
1477 4542 1573 4606 55115,

356 4647 373 4672 -«
388 4626 487 4681 vitrico
511 4642 577 4680 vero
601 4625 705 4680 biarcio
728 4626 857 4696 Philippo
881 4626 1018 4681 consulari
1044 4625 1163 4682 multum
1186 4627 1363 4681 dissuadente
1384 4649 1408 4680 ›.
1429 4627 1523 4697 (hug,
1545 4629 1573 4695 8,

360 4718 403 4782 41,
431 4714 527 4786 5-12).
552 4745 584 4757 -·
609 4715 709 4770 «Nam
734 4716 848 4770 minima
870 4716 1010 4770 commoda
1037 4732 1091 4770 555
1119 4716 1232 4770 515155
1260 4717 1391 4771 sectantis
1418 4716 1575 4771 discrimine

356 4824 373 4849 ⁴
389 4804 412 4858 si
418 4803 496 4858 miles
515 4803 605 4858 aiebat
622 4819 682 4858 5555
701 4804 802 4858 555155
821 4803 902 4858 5555
920 4803 1103 4873 piscantibus,
1122 4804 1203 4858 55155
1221 4803 1329 4873 abrupti
1349 4804 1476 4858 damnum
1500 4805 1576 4859 nulla

358 4915 375 4939 ι
388 4895 501 4960 captura
520 4891 629 4961 pensari
648 4896 741 4961 posset
755 4917 779 4950 5.
800 4893 896 4961 (555,
916 4893 960 4961 25,
975 4893 1020 4958 49,
1037 4893 1104 4958 1-3).

413 4981 453 5051 (1)
470 4979 541 5038 Vedi
559 4983 630 5040 retro
648 4984 663 5051 fi
681 4981 726 5048 23,
741 4982 780 5039 2⁰.
