4092 6050
310 888 329 969 1
354 888 418 950 144

1011 750 1169 811 „96-

591 888 620 967 b)
645 886 877 971 Proposiatonc'
901 886 1075 969 temporali
1097 906 1157 950 coa
1178 886 1277 950 donec
1300 915 1342 941 =
1358 884 1423 949 fino
1439 906 1459 949 a
1473 888 1631 951 tantoche.

548 994 610 1057 Per
632 994 731 1057 dmacc
754 994 781 1057 si
805 999 869 1077 pud
886 995 1022 1076 ripetere
1046 1000 1165 1075 quanto
1189 991 1235 1056 s’e
1258 993 1345 1056 detto
1368 1012 1425 1077 per
1446 993 1469 1055 11
1484 993 1565 1056 doru
1583 993 1700 1057 =fino

480 1122 499 1165 a
520 1101 678 1165 tautoche.
702 1135 746 1148 -
769 1100 936 1183 Esempioz

552 1206 617 1272 Con
641 1206 740 1271 t’lad.
769 1242 806 1254 -
832 1206 899 1271 Nec
922 1225 1009 1271 ream
1033 1205 1233 1289 interpellare
1256 1206 1350 1271 desiit
1373 1207 1487 1288 ecquid
1514 1209 1701 1289 paeniteret,

482 1314 581 1379 donec
616 1334 654 1379 ea
683 1315 792 1379 relicta
814 1314 929 1377 iudicio
943 1360 962 1376 ..
986 1313 1116 1378 domum
1150 1332 1185 1377 11
1219 1313 1357 1397 abripuit
1379 1315 1524 1396 ferraque
1551 1316 1703 1396 transegit

483 1421 563 1501 (Tib.
588 1422 642 1500 45,
668 1421 741 1501 105,
767 1421 809 1498 8).

553 1526 607 1592 Col
634 1525 729 1609 Oonp.
752 1562 796 1575 -
820 1524 968 1590 Ceterum
984 1524 1120 1590 Caecilio
1137 1525 1297 1592 Metello...
1313 1526 1599 1590 turbolentissimas
1614 1526 1702 1611 leges

482 1635 594 1698 ferenti
618 1640 811 1698 auctorem...
835 1652 902 1697 se...
926 1634 1093 1716 praestitit,
1113 1634 1215 1697 donec
1238 1634 1331 1697 ambo
1357 1634 1629 1698 administratione
1655 1636 1702 1698 161

482 1740 626 1824 publicae
649 1740 776 1805 decreto
798 1745 924 1824 patrum
948 1741 1211 1804 submovereutur
1234 1739 1306 1819 (111.
1332 1740 1384 1821 16,
1409 1741 1440 1821 8,
1458 1742 1537 1819 3-5).

593 1955 619 2033 1)
637 1953 733 2036 Prop.
759 1952 931 2035 ternporala'
949 1971 1008 2015 con
1020 1951 1230 2035 priusquam,
1254 1958 1442 2036 antequam.
1463 1991 1499 1999 -
1520 1952 1654 2029 Quando
1675 1956 1701 2017 ei

482 2061 577 2125 vuole
600 2061 857 2143 semplicemente
881 2059 1048 2142 designare
1070 2058 1093 2121 il
1116 2065 1266 2142 rapporto
1289 2060 1320 2122 di
1351 2065 1458 2143 tempo
1493 2061 1539 2123 fra
1566 2060 1701 2125 l'azione

482 2167 564 2231 della
586 2186 673 2250 prop.
699 2165 871 2249 principale
894 2184 912 2229 1
935 2165 1040 2247 quella
1066 2165 1149 2229 della
1171 2165 1367 2247 secundaria,
1390 2167 1412 2229 il
1439 2166 1537 2231 latino
1570 2167 1700 2231 classico

483 2273 523 2335 ha
538 2272 562 2334 il
576 2273 712 2355 perfetto
727 2272 907 2335 indicativo.
925 2269 1197 2336 Contrariamento
1212 2291 1231 2334 1
1246 2272 1418 2354 quest'uso,
1435 2272 1585 2337 Suetonio
1602 2277 1702 2355 (come

483 2379 555 2442 altri
567 2379 693 2443 dell'eta
707 2379 882 2462 imperiale,
898 2377 1000 2460 Livio,
1016 2378 1056 2442 ad
1071 2380 1127 2459 11.)
1141 2381 1194 2460 (1),
1210 2380 1252 2443 ha
1267 2380 1364 2443 molto
1379 2399 1486 2463 spesso
1503 2379 1702 2464 l'impertetto

483 2486 534 2551 del
550 2506 640 2569 cong.
658 2487 712 2567 (2),
729 2485 862 2550 laddove
877 2487 888 2548 i
904 2484 1026 2549 classici
1040 2486 1146 2549 hanno
1162 2483 1185 2550 il
1202 2488 1281 2569 perf.
1297 2486 1411 2551 indic:

550 2593 815 2659 Testamentum...
833 2596 906 2656 1111
923 2611 1043 2655 annum
1060 2596 1092 2657 et
1107 2596 1255 2675 quattuor
1270 2612 1398 2657 menses
1414 2613 1508 2676 quam
1525 2594 1701 2677 decederet,

483 2702 599 2764 factum
625 2701 720 2783 (Aug.
739 2701 815 2782 101,
831 2700 885 2780 85,
902 2700 933 2780 6)
960 2734 1004 2747 -
1031 2699 1117 2763 Ante
1140 2719 1258 2783 paucos
1281 2719 1357 2764 1110
1381 2720 1476 2783 quam
1498 2706 1699 2766 revocaretur

483 2808 551 2872 dies
574 2807 712 2889 aquila...
736 2808 770 2869 in
793 2806 933 2871 culmine
956 2806 1071 2870 domus
1095 2807 1164 2871 eius
1187 2807 1305 2871 assedit
1329 2806 1406 2888 (Tib.
1433 2810 1484 2886 14,
1509 2810 1563 2889 93,
1589 2810 1641 2888 29)
1659 2845 1700 2855 -

483 2919 588 2981 exstat
603 2922 634 2978 et
647 2915 785 2998 Augusti
800 2915 945 2998 epistula,
957 2920 1030 2979 ante
1042 2933 1159 2997 paucos
1170 2934 1266 2996 quam
1278 2915 1381 2979 obiret
1395 2934 1522 2979 meuses
1534 2916 1574 2979 ad
1587 2916 1702 2998 Agrip·
1722 2966 1727 2973 .

484 3026 592 3106 pinam
608 3027 736 3105 neptem
751 3023 796 3085 ita
811 3023 929 3106 scripta
945 3020 1054 3104 (Calig.
1072 3022 1103 3102 8,
1122 3022 1196 3103 122,
1215 3023 1278 3102 19).

551 3128 598 3194 Lo
620 3133 719 3193 stesso
742 3131 768 3193 si
792 3129 862 3193 dica
885 3129 917 3192 di
940 3129 1051 3211 pridie,
1086 3129 1169 3192 dove
1203 3133 1332 3193 accentu
1356 3129 1387 3193 11
1409 3130 1566 3212 regolare:
1602 3130 1701 3214 pridie

484 3258 580 3320 quam
602 3237 696 3321 periit
718 3239 890 3301 somniavit
913 3235 1022 3319 (Galig.
1049 3237 1102 3318 51,
1128 3236 1203 3316 145,
1227 3238 1292 3317 91),
1318 3237 1464 3302 abbiamo
1487 3237 1510 3300 il
1532 3257 1597 3303 non
1620 3237 1700 3302 clas·

485 3349 563 3412 sico:
587 3345 687 3429 pridie
709 3365 805 3427 quam
829 3343 1028 3409 Siciliensem
1050 3363 1190 3427 pugnam
1221 3344 1321 3409 classe
1343 3347 1564 3427 committeret,
1596 3346 1700 3409 deam·

484 3454 605 3517 bulanti
628 3455 662 3516 in
685 3452 777 3516 litore
800 3453 896 3535 piscis
919 3471 937 3516 1
961 3453 1039 3515 mari
1063 3451 1187 3515 exilivit
1208 3457 1240 3515 et
1255 3452 1295 3515 ad
1309 3452 1407 3536 pedes
1423 3454 1519 3516 iacuit
1535 3454 1629 3536 (Aug.
1647 3453 1699 3532 96,

485 3561 538 3641 82,
564 3562 606 3639 5).

595 3774 628 3854 d)
651 3771 881 3857 Propostatom'
898 3772 1144 3853 temporalitate
1156 3779 1340 3858 postquam.
1368 3809 1412 3822 -
1434 3773 1520 3839 Nero
1544 3777 1703 3838 natusest

485 3881 563 3943 Anti
587 3885 657 3963 post
678 3879 761 3943 VIII
785 3898 926 3944 mensem
950 3898 1046 3960 quam
1061 3879 1222 3945 liberium
1243 3880 1700 3962 11111111(Ν11.6,112,20).

538 4238 578 4303 (1)
601 4259 613 4282 ‹
632 4235 733 4288 Paucis
757 4237 821 4288 ante
846 4235 944 4288 diebus
968 4251 1051 4304 quarn
1074 4235 1228 4304 Syracusae
1252 4242 1424 4305 caperentur,
1451 4237 1480 4291 Τ.
1507 4237 1642 4291 Otacilius
1646 4277 1699 4290 .....

487 4325 628 4380 Uticam...
649 4324 802 4378 transmisit
821 4324 905 4393 (111,
926 4323 970 4392 25,
992 4325 1036 4391 31,
1059 4324 1104 4388 12)
1122 4325 1269 4394 (1111111111,
1290 4344 1306 4376 c
1332 4326 1371 4379 l.a
1398 4325 1498 4394 langue
1522 4330 1550 4378 et
1568 4326 1595 4380 11
1613 4342 1702 4394 gram·

485 4431 572 4468 mare
590 4414 623 4468 de
641 4413 672 4468 Τ.
692 4413 759 4467 Live
779 4436 805 4480 2,
825 4429 853 4481 p.
873 4411 947 4480 299).

538 4502 577 4569 (2)
597 4501 721 4556 Nell’uso
740 4501 855 4556 classico
874 4501 894 4554 il
913 4517 991 4570 cong.
1018 4518 1118 4572 appare
1146 4503 1313 4556 solamento:
1336 4505 1363 4554 1⁰
1388 4501 1503 4568 Quando
1528 4502 1701 4572 priusquam

485 4591 609 4660 significa
622 4607 708 4644 11111
718 4589 856 4644 attendere
868 4591 937 4658 che;
951 4590 981 4643 2ο
996 4589 1110 4656 Quando
1130 4591 1153 4644 si
1167 4590 1246 4645 vuole
1258 4591 1379 4644 indicare
1393 4591 1493 4645 chaun
1507 4592 1576 4644 fatto
1589 4591 1702 4645 avviene

482 4681 582 4750 prima
600 4681 650 4733 che
669 4679 695 4733 la
714 4678 762 4732 tal’
771 4679 841 4732 altra
859 4679 953 4732 anione
972 4679 1052 4732 abbia
1070 4679 1089 4733 il
1113 4683 1204 4747 tempo
1222 4678 1328 4733 d’esser
1346 4680 1485 4747 compluta
1503 4696 1519 4734 0
1544 4681 1632 4747 prima
1651 4681 1701 4734 che

485 4771 508 4823 si
528 4769 607 4822 abbia
625 4769 737 4836 bisogno
756 4768 784 4820 di
803 4767 968 4836 compierla;
989 4769 1018 4821 3⁰
1038 4767 1152 4833 Quando
1172 4768 1337 4837 (parlandosi
1357 4769 1421 4837 pero
1440 4769 1467 4821 di
1487 4785 1525 4822 un
1547 4769 1616 4823 tatto
1641 4786 1703 4838 pas·

485 4859 554 4930 1110)
574 4859 598 4912 11
617 4857 706 4926 voglia
726 4860 839 4910 mettere
857 4857 885 4909 iu
910 4857 1040 4910 evidenza
1067 4857 1087 4909 il
1105 4858 1197 4924 fimo
1223 4856 1400 4912 l'inteuzione
1421 4857 1465 4911 del
1494 4862 1618 4926 soggetto
1632 4859 1702 4912 della

486 4947 672 5016 proposizione
691 4945 849 5014 principale.
