4092 6050
313 1445 399 1531 §ao

993 789 1152 851 -36..

977 1102 1089 1167 06Ρο
1113 1101 1171 1167 Vl.

832 1244 916 1312 Uso
939 1242 1008 1312 del
1030 1260 1231 1326 pronome
1254 1247 1310 1327 (1).

574 1456 890 1538 memorantem.
918 1493 955 1502 -
987 1455 1076 1518 1⁰ia
1111 1457 1152 1521 ha
1185 1457 1319 1522 talvolta
1352 1458 1373 1521 il
1410 1459 1519 1523 valore
1553 1460 1585 1523 di
1615 1459 1683 1540 ille,

463 1565 598 1629 tal'nltra
613 1564 717 1646 quello
733 1565 766 1628 di
782 1563 845 1630 bic.
876 1560 935 1628 Del
964 1566 1068 1648 primo
1099 1564 1206 1628 valore
1238 1564 1383 1628 abbiamo
1414 1585 1458 1629 un
1486 1567 1627 1650 esempio
1652 1568 1685 1629 in

464 1672 522 1737 lul.
541 1673 593 1753 15,
610 1673 641 1753 7,
665 1674 717 1736 37.
743 1710 784 1720 -
808 1673 916 1738 Primo
931 1679 1099 1756 praeturae
1114 1672 1165 1736 die
1178 1670 1333 1747 Quintum
1351 1671 1498 1736 Catulum
1522 1673 1562 1737 de
1585 1673 1683 1737 16166-

463 1780 550 1844 tione
566 1778 699 1862 Capitoli
721 1780 761 1844 sd
795 1780 1045 1863 disquisitionem
1068 1779 1176 1862 populi
1200 1780 1337 1860 vocavit,
1360 1780 1522 1863 rogatione
1544 1779 1683 1862 promul·

463 1889 546 1968 gata,
570 1905 633 1968 qua
655 1889 852 1952 curationem
876 1907 946 1952 eam
969 1889 1004 1950 in
1027 1887 1124 1950 alium
1146 1885 1357 1950 transferebat
1379 1885 1463 1968 [eom
1489 1887 1517 1949 si
1542 1886 1683 1950 riieriscc

463 1993 524 2057 alla
538 1993 668 2058 lontana
690 1994 860 2077 refecttbne
883 1994 1026 2078 Capitoli,
1050 1993 1161 2076 quiudi
1184 2022 1226 2049 =
1250 1993 1371 2076 1116116).

530 2099 591 2164 Del
605 2101 750 2193 'secondo
774 2102 878 2166 valore
901 2101 1046 2166 abbiamo
1073 2120 1118 2165 un
1141 2102 1280 2184 esempio
1309 2102 1342 2164 in
1362 2098 1437 2165 Ner.
1463 2102 1515 2181 15,
1542 2101 1616 2181 176,
1642 2101 1683 2163 14

465 2244 506 2253 -
531 2207 748 2290 Cognoscendi
771 2228 892 2274 morem
915 2228 988 2274 eum
1010 2210 1122 2289 tenuit,
1139 2213 1175 2271 ut
1189 2209 1347 2272 continuis
1362 2207 1537 2272 actionibus
1560 2208 1684 2271 omissis

464 2314 647 2397 singillatim
663 2335 807 2399 quaeque
822 2336 879 2399 per
903 2318 990 2380 vices
1004 2319 1114 2398 ageret
1137 2315 1224 2398 [eum
1248 2343 1290 2369 =
1314 2314 1402 2377 bunc
1425 2314 1500 2394 (tale
1523 2314 1639 2398 che...].

555 2423 590 2485 2⁰
612 2422 670 2486 a'llc
693 2428 711 2487 e
732 2422 864 2487 talvolta
886 2428 977 2488 usato
1000 2425 1050 2488 col
1072 2423 1179 2487 valore
1195 2420 1227 2484 di
1243 2421 1306 2486 bio.
1332 2459 1373 2468 —
1389 2421 1507 2486 Notavi
1523 2423 1602 2486 etin
1618 2423 1684 2485 chi·

462 2529 619 2612 rographo
642 2532 711 2594 eius
733 2530 787 2593 illa
810 2531 999 2614 praecipue:
1028 2550 1092 2594 non
1121 2530 1234 2592 dividit
1263 2519 1360 2592 verba
1387 2547 1447 2593 nec
1473 2529 1511 2592 ab
1539 2536 1683 2592 extrema

463 2639 584 2717 purte...
612 2636 770 2716 transfert,
798 2636 864 2718 sed,
892 2655 957 2700 ecc.
984 2634 1081 2720 (Aug.
1110 2637 1164 2717 87,
1193 2635 1246 2714 76,
1277 2633 1366 2719 34-5)
1397 2671 1434 2680 -
1453 2632 1525 2698 Cosi
1544 2653 1623 2717 pure
1650 2635 1684 2697 in
1801 2653 1804 2662 ’

465 2741 574 2806 oraui.
591 2745 645 2823 40,
664 2744 739 2825 rev,
757 2744 869 2806 18-20.

575 2945 615 3032 B)
637 2944 821 3028 Riflcssivo.
849 2983 886 2990 -
904 2949 935 3027 6)
951 2943 1179 3010 Dmosrmrrvo
1195 2966 1253 3010 run
1267 2966 1297 3010 m
1312 2964 1496 3010 mninssrvo.
1524 2983 1561 2991 —
1581 2943 1682 3028 Saepe

464 3055 603 3133 iactavit,
619 3071 653 3116 se
669 3052 849 3117 mehercule
865 3053 1052 3117 effecturum
1067 3073 1108 3117 ne
1124 3054 1201 3136 quid
1216 3054 1406 3137 respondere
1422 3056 1544 3137 possint
1558 3057 1682 3137 praeter

472 3180 605 3224 ‹eum›
628 3158 739 3243 (Calig.
757 3162 810 3242 34,
837 3161 910 3240 135,
927 3158 959 3245 4)
981 3198 1017 3205 -
1038 3166 1111 3224 ante
1127 3162 1233 3224 omnia
1249 3162 1396 3243 instituit,
1413 3166 1448 3225 ut
1463 3180 1480 3225 6
1495 3161 1683 3226 libertorum

464 3267 686 3331 defunctorum
717 3268 808 3332 bonis
837 3286 894 3350 pro
917 3269 1049 3332 semisse
1081 3268 1216 3333 dextans
1246 3269 1276 3333 ei
1310 3273 1475 3349 cogeretur
1508 3266 1596 3353 (Ner.
1628 3269 1681 3349 32,

467 3375 541 3455 184,
566 3375 631 3455 30).

575 3481 604 3560 b)
627 3481 809 3546 Rrrnrssrvo
839 3502 895 3544 rra
918 3502 949 3545 m
970 3501 1199 3546 urnosrnirrvo.
1225 3519 1266 3528 -
1291 3501 1483 3564 quamquam
1518 3483 1683 3553 obsidione

464 3588 636 3670 Massiliae,
659 3609 741 3671 quae
756 3590 817 3653 sibi
832 3591 866 3651 in
881 3589 994 3653 itinere
1008 3593 1116 3672 portas
1131 3589 1324 3654 clauserat...
1341 3589 1433 3652 brevi
1448 3594 1556 3653 tamen
1577 3591 1684 3653 omnia

464 3695 590 3777 subegit
604 3694 676 3776 (lul.
694 3696 747 3776 35,
766 3695 818 3774 16,
837 3693 890 3780 10)
910 3730 946 3739 -
965 3699 1074 3758 tamen
1096 3695 1197 3777 ipsam
1214 3712 1340 3776 quoque
1356 3696 1421 3758 ictu
1436 3695 1532 3759 calcis
1556 3695 1680 3776 occidit,

465 3801 550 3883 quod
572 3825 587 3859 ‹
602 3820 637 3865 se
652 3825 667 3859 a
690 3820 732 3864 ex
747 3802 944 3884 aurigatione
960 3820 1030 3865 sero
1047 3820 1212 3866 reversum
1226 3802 1358 3885 gravida
1373 3806 1406 3866 et
1420 3820 1515 3885 aegra
1531 3802 1683 3865 conviciis

465 3911 639 3973 incesserat
655 3906 698 3991 (N
700 3927 744 3972 er.
761 3909 814 3990 35,
834 3908 909 3990 187,
928 3908 980 3989 19)
996 3944 1040 3956 -
1064 3907 1296 3991 Philemonem,
1320 3910 1376 3990 qui
1391 3928 1502 3973 necem
1519 3928 1610 3972 suam
1625 3926 1682 3991 per

466 4035 626 4079 venenum
659 4016 796 4079 inimicis
826 4016 1025 4100 promiserat,
1055 4035 1119 4079 non
1142 4017 1271 4097 gravius
1305 4035 1400 4098 quem
1423 4016 1558 4099 simplici
1579 4020 1682 4080 morte

465 4124 591 4203 punivit
606 4120 677 4206 (Iul.
696 4123 748 4203 74,
766 4123 819 4203 30,
839 4124 880 4202 l).

576 4323 612 4409 0)
633 4324 794 4390 1161611116.
823 4362 859 4370 -
888 4322 921 4388 1⁰
944 4323 1057 4408 Degno
1082 4326 1113 4389 di
1136 4330 1212 4389 nota
1235 4326 1257 4388 il
1282 4333 1434 4409 seguente
1458 4345 1530 4390 caso
1553 4326 1681 4389 d’attra·

464 4434 555 4497 zione
577 4434 729 4515 riportato
753 4434 852 4497 anche
876 4434 928 4497 dal
951 4432 1079 4497 Freund
1099 4433 1178 4508 (libr.
1203 4436 1267 4514 cit,
1290 4453 1361 4516 pag.
1388 4433 1441 4519 35)
1465 4470 1506 4480 -
1531 4432 1682 4498 Contuoto

464 4540 568 4603 omnis
590 4540 716 4623 generis
739 4545 918 4603 commeatu
940 4545 1061 4621 quanto
1084 4558 1248 4621 nunquam
1266 4547 1361 4604 antea
1377 4538 1459 4623 (Cal.
1477 4541 1530 4621 34,
1547 4540 1622 4619 134,
1638 4541 1683 4613 4).

468 4684 504 4693 -
525 4645 557 4709 81
573 4645 704 4711 sarebbe
726 4647 841 4709 inveoe
868 4650 985 4712 atteso:
1014 4652 1153 4729 quantus
1183 4667 1346 4729 nunquam
1378 4652 1470 4711 antea
1497 4650 1581 4727 (6611.
1609 4665 1684 4710 con-

463 4757 582 4817 tractus
598 4752 687 4837 crat).

498 4985 539 5053 (1)
556 4982 625 5038 Vedi
647 4985 749 5049 86666,
771 5006 783 5032 ε
804 4986 843 5039 De
863 4985 954 5040 elocut
972 4985 1002 5040 C.
1024 4985 1053 5040 8.
1074 4985 1118 5039 Tr.
1136 5009 1161 5056 ι,
1182 5004 1227 5055 pp.
1250 4988 1341 5042 106-8.
