4092 6050
1010 766 1170 829 „98-

479 901 602 967 vedano
625 903 728 985 questi
746 901 808 965 due
825 901 954 983 esempi‚
978 900 1031 965 nel
1049 902 1083 963 1ο
1099 901 1150 965 dei
1173 901 1259 983 quali
1282 900 1437 963 troriamo
1461 905 1553 965 usato
1575 900 1599 963 il
1623 919 1700 982 quo·

479 1010 587 1073 minus
610 1010 723 1073 invece
750 1008 799 1073 del
834 1009 927 1089 quin3
963 1006 1014 1071 nel
1038 1009 1074 1069 2⁰
1109 1008 1131 1071 il
1154 1008 1325 1090 quominus
1360 1006 1551 1089 dipendente
1576 1007 1616 1071 da
1637 1027 1702 1071 una

481 1135 606 1199 propos.
629 1134 693 1180 non
717 1115 874 1197 negativa,
897 1132 970 1177 cosa
985 1115 1068 1177 assai
1082 1133 1154 1179 rara
1169 1116 1223 1179 nei
1238 1113 1378 1177 classici:

548 1222 593 1286 Ut
616 1241 657 1287 ne
679 1222 847 1285 clarissimi
881 1219 1010 1302 quidem
1038 1222 1098 1284 viri
1122 1221 1335 1285 abstinuerint
1370 1222 1562 1301 quominus
1586 1221 1701 1303 etipsi

482 1328 599 1411 aliquid
622 1328 662 1393 de
686 1347 724 1393 ec
747 1346 781 1393 re
805 1326 980 1391 scriberent
1003 1325 1063 1407 (De
1086 1347 1133 1411 gr.
1158 1328 1190 1408 3,
1215 1328 1290 1407 258,
1321 1327 1373 1406 15)
1413 1364 1435 1373 -
1464 1328 1645 1391 intercessit
1667 1332 1700 1392 et

480 1455 543 1519 quo
560 1436 664 1501 minus
680 1438 712 1500 in
725 1440 796 1499 acte
806 1454 865 1499 suo
887 1436 1056 1512 iuraretur,
1075 1442 1107 1499 et
1122 1454 1163 1499 ne
1179 1436 1298 1499 mensis
1314 1432 1500 1516 September
1522 1432 1698 1499 Tiberius...

481 1548 646 1609 vocaretur
662 1542 740 1622 (Tib.
758 1543 810 1623 26,
828 1542 882 1621 98,
899 1544 963 1619 25).

793 1774 833 1837 V.
862 1811 898 1821 —
925 1771 1136 1855 Propoaizioni
1163 1775 1386 1855 comparative.

547 1969 633 2037 Svet.
658 1990 716 2035 usa
738 1990 846 2054 spesso
872 1972 993 2053 «quasi
1009 1996 1042 2052 »‚
1065 1991 1160 2035 meno
1182 1972 1455 2053 frequentemcnte
1474 1976 1662 2052 «tamquam
1678 1996 1693 2027 ›

481 2083 581 2159 (come
596 2079 617 2143 il
633 2097 726 2161 greco
750 2077 801 2155 ὡς)
826 2097 881 2161 per
896 2078 1036 2142 indicare
1052 2097 1117 2141 una
1131 2097 1205 2141 cosa
1220 2078 1278 2143 che
1294 2084 1312 2143 e
1327 2078 1463 2143 soltanto
1478 2077 1699 2160 nell’opinionc

480 2204 498 2248 o
514 2184 565 2249 nel
580 2186 727 2267 pensiero
742 2182 792 2247 del
808 2202 896 2266 sugg.
913 2183 995 2247 della
1019 2202 1144 2266 propos.
1168 2183 1343 2267 principale
1367 2185 1421 2264 )1).
1445 2182 1589 2247 Siccome
1612 2183 1699 2247 molti

480 2292 599 2373 esempi
613 2309 690 2354 sono
708 2289 771 2355 dati
787 2290 837 2354 dal
854 2289 980 2354 Frennd
998 2293 1060 2373 (op.
1077 2291 1141 2368 cit,
1154 2310 1186 2373 p.
1199 2291 1252 2368 64)
1264 2309 1282 2355 e
1296 2290 1403 2355 alcuni
1414 2291 1515 2355 anche
1538 2292 1570 2352 in
1587 2295 1699 2372 questo

478 2396 596 2477 lavoro,
620 2396 701 2460 dove
724 2398 751 2461 si
774 2400 869 2460 tratta
892 2396 941 2459 dci
964 2398 1131 2461 sostautivi
1155 2398 1297 2479 roggenti
1319 2396 1468 2460 l’infin.o
1490 2415 1614 2479 propos.
1639 2415 1698 2459 con

479 2507 526 2583 ct,
542 2522 592 2569 uc.
609 2503 706 2585 quasi
722 2504 751 2584 (ξ
770 2504 832 2584 19),
849 2502 992 2566 rimando
1008 2502 1174 2566 senz'altro
1191 2524 1208 2566 a
1223 2502 1279 2566 teli
1296 2502 1414 2585 luoghi.

802 2732 859 2795 Vl.
884 2769 924 2779 -
950 2734 1162 2814 Proposizicni
1185 2736 1378 2800 concessive.

545 2926 574 2991 N
578 2927 638 2992 clla
662 2927 784 2991 latinita
807 2928 837 2993 lc
860 2930 1083 3010 congiunzioni
1099 2949 1300 3011 quccequom
1317 2949 1334 2994 e
1350 2930 1503 3012 quamvis
1518 2930 1546 2993 si
1564 2933 1697 2993 trovano

479 3054 588 3119 spesso
612 3035 797 3116 scambiate3
822 3054 1014 3118 quamquam
1040 3034 1089 3098 col
1105 3054 1195 3118 cong.
1213 3055 1230 3100 e
1246 3038 1393 3118 quamvis
1409 3056 1468 3101 con
1491 3035 1608 3100 l’indic.

589 3233 629 3312 A)
657 3231 866 3315 Qeacocqocm
894 3232 943 3295 col
969 3232 1189 3314 conploratam.
1216 3270 1256 3279 -
1282 3232 1399 3308 Questc
1422 3235 1618 3298 costruaione
1645 3233 1699 3296 ab·

477 3338 581 3406 biamo
604 3341 656 3422 gie
679 3339 848 3422 dapprima
870 3339 923 3404 nei
947 3339 1070 3410 comici,
1092 3341 1144 3421 poi
1180 3342 1212 3402 in
1240 3338 1358 3419 cicer.;
1392 3341 1552 3404 senonche
1576 3341 1609 3403 in
1633 3338 1698 3402 Cic.

477 3444 508 3508 la
530 3447 558 3508 si
581 3447 767 3509 incontrao
801 3464 858 3528 per
893 3445 1065 3510 attrazione
1099 3445 1224 3510 modale
1247 3464 1266 3508 o
1293 3465 1349 3528 per
1382 3465 1478 3511 cause
1512 3446 1697 3510 accidentali

478 3555 578 3632 (come
602 3550 707 3615 ades.
742 3551 765 3616 il
787 3553 922 3616 trovarsi
952 3571 1013 3616 con
1036 3571 1081 3616 un
1108 3552 1302 3634 potenziale).
1338 3551 1434 3618 L’nso
1469 3554 1624 3617 comincia
1657 3553 1697 3616 ad

477 3658 652 3722 estendersi
675 3659 732 3736 nei
748 3659 833 3740 poeti
848 3659 1004 3740 augustei,
1028 3656 1218 3722 diventando
1242 3664 1384 3724 costante
1399 3661 1433 3722 in
1449 3658 1696 3724 Giovenale.l1a

478 3763 563 3828 nella
586 3770 718 3847 prosae
742 3783 837 3828 encor
860 3784 932 3827 raro
962 3765 994 3827 in
1018 3762 1123 3844 Livio,
1147 3763 1352 3846 Quintiliano,
1377 3766 1480 3829 Plinio
1503 3766 1526 3829 il
1549 3767 1695 3843 vecchi03

475 3870 584 3935 Tacito
617 3890 672 3953 per
694 3871 717 3934 il
739 3872 839 3953 primo
863 3870 903 3934 da
925 3870 1110 3934 addirittura
1132 3872 1163 3934 la
1185 3872 1368 3955 preference
1389 3871 1420 3936 al
1443 3891 1535 3955 cong.
1567 3872 1695 3935 Abbon·

476 3977 655 4042 dantissimi
679 3979 798 4061 escmpi
822 3977 966 4042 abbiamo
989 3996 1070 4060 pure
1085 3979 1118 4040 in
1134 3976 1220 4044 Suet.
1241 3977 1367 4044 Eccone
1381 3979 1502 4044 alcuni:

544 4084 775 4167 Quamquam...
800 4104 819 4147 a
842 4085 970 4148 consule
993 4084 1133 4148 Antonio
1168 4085 1331 4149 admotum
1366 4088 1493 4168 saepius
1515 4087 1609 4168 capiti
1639 4105 1696 4148 suo

477 4190 621 4255 diadema
644 4191 816 4274 reppulerit
839 4189 981 4272 (19179,
1006 4191 1059 4272 32,
1085 4191 1197 4271 18-22)
1227 4230 1266 4239 -
1300 4196 1333 4258 et
1355 4211 1549 4274 quamquam
1572 4193 1697 4274 saepius

475 4304 691 4380 revocaretur,
714 4303 825 4361 tamen
847 4299 1064 4381 perseveravit
1087 4297 1165 4380 (Tib.
1192 4299 1243 4380 16,
1260 4300 1315 4379 94,
1333 4300 1384 4380 11)
1412 4337 1449 4346 -
1475 4299 1630 4384 plurimus
1652 4298 1697 4362 illi

475 4423 589 4486 sermo
614 4424 807 4487 quamquam
825 4408 996 4485 vetaretur,
1019 4404 1059 4468 de
1082 4406 1276 4469 circensibus
1291 4410 1361 4471 erat
1376 4405 1463 4486 (Ner.
1481 4407 1534 4486 22,
1553 4407 1627 4485 179,
1646 4407 1697 4486 14)

530 4688 570 4758 (l)
589 4689 613 4742 Il
632 4689 795 4744 unimanus
812 4691 865 4756 (cp.
880 4689 940 4754 cit,
957 4705 982 4756 p.
1005 4689 1051 4756 16)
1070 4690 1165 4758 spiega
1184 4690 1232 4745 tali
1251 4691 1378 4745 costrntti
1397 4707 1448 4745 con
1470 4695 1544 4746 certa
1563 4690 1694 4745 modestia

477 4778 640 4834 dell'autorc
658 4778 709 4832 che
728 4777 807 4832 vcclc
825 4781 967 4832 attenuare
986 4776 1207 4846 l'affernrazione,
1228 4796 1271 4833 ma
1290 4780 1320 4833 in
1338 4780 1395 4835 casi
1414 4796 1489 4834 come
1508 4786 1613 4849 questo,
1628 4783 1694 4832 trat-

477 4869 584 4924 tandosi
603 4869 630 4924 di
649 4884 704 4923 uno
723 4867 821 4922 eborico
846 4867 896 4920 che
924 4871 1050 4922 racoonte
1075 4869 1137 4923 latti
1165 4886 1180 4922 e
1208 4886 1262 4925 non
1290 4871 1407 4938 espn'me
1435 4871 1549 4939 giudizi‚
1574 4869 1611 4922 mi
1630 4885 1694 4936 parc

476 4958 601 5026 dipendn,
622 4957 735 5011 unzichb
754 4958 788 5010 da
807 4957 948 5023 modestia,
969 4957 1101 5025 piuttosto
1120 4959 1154 5012 da
1174 4960 1323 5013 inccrtczza
1343 4960 1386 5014 sni
1407 4961 1468 5015 fatti
1488 4960 1579 5014 stessi.
