4092 6050
880 798 1039 859 ...63-

460 932 486 998 Ι.
513 969 549 977 -
576 930 797 996 0661666156
819 951 959 1015 represso
984 934 1039 1015 (1).
1057 967 1094 984 -
1111 932 1256 997 Nell'uso
1268 932 1324 1016 piir
1336 952 1471 999 comune
1487 933 1569 998 della
1632 927 1651 1007 ἓ
1676 926 1717 989 75

349 1040 455 1102 buona
477 1058 572 1121 prosa
598 1042 711 1121 questa
734 1040 839 1121 speeie
863 1038 895 1102 di
923 1039 1082 1105 abblativo
1109 1040 1248 1104 assoluto
1271 1044 1290 1105 e
1316 1040 1449 1105 limitata
1475 1060 1494 1103 a
1525 1060 1569 1104 un

349 1149 434 1209 certo
449 1163 583 1209 numero
598 1144 630 1208 di
643 1146 833 1227 espressioni
849 1146 1074 1224 determinate,
1098 1147 1339 1228 speoialmente:
1358 1147 1393 1208 1⁰
1416 1164 1475 1209 eon
1491 1148 1568 1209 oerti

350 1252 513 1318 6661611111
536 1249 637 1335 (come
653 1252 788 1333 adiutor,
800 1252 877 1335 dux,
893 1251 1023 1319 16061...
1049 1271 1067 1317 6
1090 1254 1101 1315 1
1124 1254 1211 1318 nomi
1233 1252 1316 1318 d'eti
1340 1272 1358 1317 e
1380 1253 1413 1316 di
1435 1251 1567 1336 oarioa);

350 1356 385 1421 2⁰
408 1358 549 1440 66111116,
574 1358 641 1439 ille,
664 1359 813 1425 11110666
837 1360 915 1424 66111
938 1361 1087 1441 aggettivi
1110 1357 1201 1445 (peri
1218 1357 1305 1442 quali
1318 1360 1391 1424 vedi
1401 1358 1568 1439 Riemann,

350 1462 493 1546 Syntaxe
515 1465 581 1545 lat.,
615 1485 645 1547 p.
680 1466 765 1545 142).
797 1466 909 1529 Anohe
941 1466 1109 1530 all’iniuori
1148 1466 1180 1529 di
1208 1467 1311 1548 questi
1335 1468 1412 1547 nasi,
1434 1464 1569 1547 qualche

349 1572 488 1654 esempio
503 1573 530 1635 si
545 1577 635 1635 trove
650 1572 701 1654 gie
717 1574 750 1635 in
764 1570 887 1654 (lesare,
904 1570 1072 1649 Cicer0n03
1086 1574 1206 1655 esempi
1218 1593 1296 1656 pure
1308 1575 1340 1637 in
1354 1571 1502 1636 Sallustio
1514 1570 1568 1657 (2),

350 1698 411 1759 ma,
435 1699 454 1742 a
478 1680 593 1761 partire
617 1679 657 1743 da
680 1680 779 1760 Livio,
798 1680 880 1744 l’uso
903 1680 1030 1744 diventa
1053 1680 1150 1744 molto
1173 1680 1229 1763 piir
1244 1680 1353 1744 libero.

460 1895 488 1971 a)
505 1912 669 1955 6611661166
693 1894 866 1974 temporale
891 1930 930 1939 -
956 1891 1036 1956 Gaio
1064 1892 1175 1957 Cassio
1198 1893 1369 1975 Marcoque
1392 1898 1424 1957 et
1438 1890 1570 1956 Deeimo

349 1996 448 2062 Bruto
472 1998 665 2080 principibus
689 2000 932 2081 conspirationis
955 1997 1305 2083 )161.80,33,10-11).
1330 1997 1449 2073 Questo
1472 2002 1491 2061 e
1513 1998 1570 2062 l'e·

350 2106 469 2187 sempio
492 2105 597 2189 tipieo,
622 2106 766 2187 regolare
786 2106 886 2170 anche
909 2105 995 2170 nella
1017 2125 1111 2189 prosa
1126 2106 1266 2169 classica.
1282 2104 1366 2169 Nota
1380 2106 1392 2167 i
1408 2108 1567 2188 seguenti:

416 2212 591 2293 Aquililero
607 2213 739 2294 legionis
760 2230 836 2275 suae
859 2214 998 2295 graviter
1013 2213 1121 2276 saucio
1137 2210 1234 2297 (Aug.
1254 2212 1305 2293 10,
1322 2213 1376 2291 42,
1394 2211 1448 2297 12)
1465 2249 1498 2257 -
1515 2214 1570 2294 qui

349 2337 405 2400 per
420 2318 664 2401 expeditionem,
677 2320 834 2383 artissima
849 2339 985 2401 annona,
998 2319 1162 2383 residuum
1173 2320 1267 2382 tritiei
1280 2318 1569 2383 modium...vendi·

350 2424 432 2489 disse
449 2425 640 2509 arguebatur
655 2423 756 2510 (Galb.
776 2428 806 2505 7,
824 2428 900 2508 202,
913 2428 967 2507 25)
986 2464 1023 2471 -
1054 2445 1126 2489 eum
1158 2425 1196 2490 de
1220 2426 1410 2509 proprietate
1437 2425 1571 2489 iumenti

350 2536 532 2613 quaeretur,
555 2531 679 2595 levibus
703 2534 863 2615 utrimque
894 2534 1093 2615 argumentis
1115 2539 1147 2596 et
1169 2531 1302 2596 testibus
1325 2532 1460 2613 ideoque
1491 2532 1569 2596 diffi-

351 2638 403 2701 eili
427 2640 609 2703 coniectura
631 2640 773 2704 veritatis
796 2636 943 2724 (66111,
962 2638 1175 2723 reare-30).

461 2849 493 2935 b)
516 2870 575 2914 6611
596 2871 689 2915 senso
710 2854 849 2916 66116616.
866 2889 908 2901 ·-
926 2852 1016 2933 Cum,
1036 2851 1162 2916 amiduo
1185 2853 1268 2916 inter
1291 2858 1443 2933 utrasque
1466 2858 1572 2935 partes

352 2977 413 3023 usu
437 2962 531 3040 atque
554 2960 744 3026 eommereio
767 2956 822 3045 (3),
839 2959 989 3023 Afranius
1005 2964 1037 3023 et
1058 2958 1234 3023 Petreios...
1251 2958 1430 3026 Julianus...
1445 2960 1543 3023 interl
1561 2995 1570 3005 -

351 3066 469 3130 cissent
491 3062 564 3150 (lul.
590 3067 642 3147 75,
667 3067 721 3146 30,
746 3065 800 3152 15)
826 3103 864 3114 -
890 3066 998 3132 Ludos
1021 3074 1129 3131 autem
1151 3068 1303 3131 victoriae
1329 3067 1484 3147 96666116,
1507 3086 1572 3131 nou

351 3172 539 3236 audentibus
561 3173 666 3239 faeere
689 3174 805 3256 quibus
828 3177 983 3258 optigerat
1004 3175 1038 3238 id
1061 3193 1189 3254 munus,
1208 3175 1276 3258 ipse
1292 3174 1390 3238 edidit
1404 3175 1500 3257 (Aug.
1519 3175 1571 3254 10,

352 3281 405 3361 41,
430 3279 484 3366 30)
510 3317 547 3326 -
572 3280 758 3364 Irruperant
781 3283 845 3345 iarn
868 3283 1002 3365 agminis
1025 3288 1239 3345 anteoessores
1255 3301 1293 3344 ae
1311 3281 1439 3344 nemine
1466 3280 1572 3360 obvio,

351 3386 546 3450 rimabantur
556 3385 634 3472 (Vit.
650 3389 701 3468 17,
716 3389 791 3468 222,
808 3387 862 3473 29)
925 3387 1141 3452 Grammatiea
1152 3386 1273 3452 Romae
1281 3405 1322 3451 ne
1333 3387 1367 3450 in
1375 3407 1436 3450 usu
1444 3387 1572 3468 quidem

352 3493 437 3574 olim,
460 3493 579 3558 nedum
601 3495 635 3556 in
658 3494 778 3558 honore
801 3494 864 3558 ullo
888 3499 965 3575 erat,
989 3493 1062 3557 rudi
1091 3493 1212 3558 scilieet
1234 3514 1270 3557 ao
1301 3493 1451 3571 bellicosa
1478 3495 1572 3558 etiam

350 3607 419 3664 tum
442 3601 580 3680 civitate,
604 3600 740 3664 nendum
763 3619 956 3684 magnopere
980 3600 1161 3665 liberalibus
1177 3600 1351 3683 disciplinis
1366 3605 1497 3665 vacante
1513 3598 1573 3685 (De

351 3726 398 3788 gr.
414 3706 444 3787 l,
469 3707 544 3788 257,
562 3705 640 3791 2-3).

463 3921 561 3997 eleon
576 3937 666 3982 661166
682 3915 809 3984 modale
827 3955 866 3964 -
883 3924 1018 3982 mortem
1035 3918 1113 3983 obiit
1127 3918 1336 4001 repentinam,
1352 3918 1573 4001 superstitibus

352 4024 458 4088 liberis
471 4025 566 4107 (Aug.
584 4027 616 4104 4,
633 4026 686 4106 39,
705 4026 757 4105 19)
778 4062 813 4071 -
832 4025 987 4090 Balbus..
1007 4025 1115 4090 multis
1131 4026 1165 4087 in
1181 4025 1300 4088 familia
1315 4027 1480 4089 senatoriis
1496 4027 1574 4088 ima-

353 4130 513 4213 ginibus...
530 4137 663 4194 amatre
687 4130 840 4214 Magnum
864 4131 1054 4214 Pompeium
1076 4132 1233 4194 artissimo
1265 4131 1444 4212 contigebat
1473 4131 1573 4214 gradu

407 4373 445 4441 (1)
465 4372 604 4427 Gemineio
623 4373 657 4427 da
675 4378 773 4442 questa
787 4375 884 4431 classe.
896 4371 1000 4426 benebe
1014 4371 1097 4425 molto
1110 4371 1157 4439 piu
1169 4371 1295 4424 naturale
1305 4370 1417 4425 sarebbe
1427 4371 1574 4425 eomineiar

355 4459 501 4528 dall’altra,
520 4460 618 4529 perahe
637 4460 685 4529 piu
704 4461 839 4516 s'aaeosta
857 4459 990 4516 all'ablat.
1005 4461 1032 4514 01
1046 4464 1152 4527 temp03
1173 4462 1279 4512 mentre
1291 4459 1362 4514 della
1375 4460 1492 4514 seoonda
1510 4460 1572 4525 (6116

354 4565 402 4618 per
420 4550 499 4604 unita
517 4550 544 4604 di
563 4551 726 4604 trattazione
744 4551 867 4604 rilerisoo
881 4551 927 4619 qui
946 4551 970 4602 si
989 4547 1123 4604 dorrebbe
1142 4548 1199 4601 dire
1216 4547 1336 4601 nell’uso
1356 4548 1400 4602 del
1418 4549 1571 4616 partieipio.

407 4639 447 4708 (2)
465 4639 607 4710 Promona,
628 4657 655 4708 p.
671 4641 732 4710 209,
754 4641 858 4696 116162.

407 4729 447 4795 (3)
466 4713 487 4782 ll
507 4745 545 4782 un
564 4731 684 4798 esempio
703 4729 788 4784 molto
806 4729 914 4784 difficile
933 4729 966 4783 da
985 4728 1160 4799 elassifieare,
1183 4727 1283 4797 perche
1302 4728 1473 4783 1161161616
1492 4745 1573 4783 senso

354 4815 448 4870 oscilla
466 4817 508 4870 ira
526 4815 618 4886 quello
637 4817 663 4871 di
683 4820 785 4888 tempo,
806 4818 833 4870 di
853 4833 944 4887 eausa,
965 4816 991 4871 di
1010 4817 1140 4870 maniera.
1162 4815 1262 4870 Poiohb
1281 4817 1309 4869 in
1329 4820 1435 4887 questa,
1456 4833 1531 4871 eome
1544 4819 1571 4869 in

354 4905 425 4957 tutte
443 4903 468 4956 le
487 4904 701 4974 olassilieazieni,
722 4921 776 4959 non
795 4906 878 4958 661616
892 4906 944 4958 mai
957 4903 1078 4957 dall’uno
1095 4903 1213 4957 all’altro
1232 4921 1336 4972 gruppo
1355 4921 1410 4959 una
1428 4904 1484 4958 6661
1498 4908 1573 4958 netta

355 4993 528 5059 separazione
548 4994 581 5046 da
600 5009 654 5047 non
674 4993 790 5048 trovarsi
809 4994 912 5061 esempi
931 4992 981 5046 ohe
1000 4991 1123 5046 dell’una
1137 5008 1152 5046 e
1165 4990 1302 5047 dell'altra
1314 4995 1432 5062 tangano
1446 5010 1481 5047 nn
1495 5010 1570 5062 poeo.
