4092 6050
321 1314 405 1395 §aa

1002 774 1161 832 ..74-

566 1069 627 1132 111.
651 1104 695 1117 —
721 1072 931 1153 Proposizionl
956 1068 1096 1153 naupacti
1120 1074 1206 1137 tanto
1232 1071 1332 1138 ΙἈοο.
1364 1076 1478 1152 quanto
1502 1072 1594 1137 t’abl.

582 1315 640 1387 ln.
666 1356 703 1364 -—
730 1318 814 1383 Seno
837 1320 878 1384 da
901 1319 1129 1384 notarealeuni
1152 1320 1201 1382 usi
1224 1319 1403 1401 particolari
1418 1339 1473 1402 per
1486 1319 1587 1384 l'Aoc.
1611 1328 1690 1385 retto

471 1425 510 1488 da
533 1425 597 1489 tale
632 1428 803 1509 preposiz.;
839 1446 902 1490 non
926 1446 960 1491 se
985 1445 1025 1490 ne
1049 1426 1154 1489 hanno
1189 1427 1301 1489 inveee
1325 1444 1381 1508 per
1410 1426 1550 1507 l'Ablat,
1574 1428 1689 1510 perche

471 1532 527 1595 tali
549 1552 613 1595 non
636 1552 772 1615 possano
796 1533 873 1597 dirsi
896 1533 994 1615 quelli
1017 1533 1127 1596 riferiti
1151 1532 1201 1595 dal
1225 1531 1344 1615 Bagge.
1369 1553 1399 1615 p.
1425 1534 1477 1596 71.

582 1638 612 1724 6)
635 1640 810 1723 temporale
833 1669 875 1694 =
900 1639 1056 1722 usquead
1074 1677 1114 1686 -
1132 1641 1183 1703 ius
1206 1640 1286 1702 dixit
1308 1640 1435 1704 assidue
1459 1646 1491 1704 et
1514 1643 1547 1702 in
1563 1647 1689 1705 noctem

470 1745 566 1830 (Aug.
592 1748 650 1831 35,
671 1748 723 1827 53,
749 1748 802 1827 26)
828 1785 867 1794 —-
891 1748 924 1809 16
951 1766 1056 1811 serum
1092 1747 1292 1811 dimicatione
1326 1752 1482 1830 protracta
1513 1748 1609 1829 (Aug.
1635 1749 1687 1828 17,

470 1855 523 1933 44,
549 1854 603 1938 38)
625 1851 792 1938 (016016,
815 1853 862 1917 De
884 1853 979 1937 Rep.,
1003 1853 1062 1934 VI,
1087 1855 1128 1916 2:
1152 1872 1332 1919 sermonem
1355 1856 1388 1917 in
1404 1855 1537 1917 multam
1560 1860 1686 1919 noctem

469 1958 687 2044 produximus)
704 1961 858 2025 -anche
874 1982 973 2043 usqae
989 1962 1038 2042 16,
1054 1963 1179 2044 proprio
1203 1963 1424 2044 specialmente
1447 1960 1572 2025 dell’eta
1587 1963 1686 2045 impe-

468 2066 543 2130 riale
566 2063 639 2150 (Ofr.
675 2063 783 2141 Quint.
819 2069 850 2146 8,
875 2069 905 2148 3,
932 2068 990 2131 68:
1027 2087 1129 2149 usque
1164 2069 1197 2130 in
1225 2068 1315 2131 illum
1342 2068 1438 2148 diem)
1461 2102 1505 2115 —
1529 2086 1629 2150 usque
1652 2070 1710 2131 in'
1754 2074 1762 2079 “

468 2172 545 2235 ldus
569 2171 668 2235 Maias
692 2172 769 2251 (Tib.
795 2174 848 2255 26,
874 2174 926 2254 98,
953 2175 1006 2252 32)
1031 2210 1071 2219 -
1091 2192 1190 2255 usque
1206 2176 1239 2237 in
1254 2173 1331 2238 [dus
1352 2174 1521 2238 lanuarias
1538 2173 1614 2251 (061.
1633 2175 1685 2254 17,

471 2279 546 2359 126,
572 2280 635 2360 21).

579 2384 610 2462 1))
633 2382 744 2465 riuulo.
771 2421 810 2430 —
836 2382 1003 2459 Quest’uso
1028 2390 1046 2449 6
1069 2385 1124 2468 piu
1148 2405 1219 2450 raro
1249 2385 1376 2449 nell'eta
1398 2386 1539 2466 classica,
1564 2386 1686 2450 benche

468 2510 533 2553 non
557 2510 595 2554 ve
626 2510 666 2555 66
700 2492 867 2555 manchino
890 2494 1008 2575 esempi
1033 2493 1093 2573 (i):
1117 2512 1234 2555 munus
1257 2492 1373 2575 populo
1396 2493 1589 2574 epulumque
1615 2513 1686 2575 pro·

467 2597 627 2659 nuntiavit
657 2598 689 2659 in
711 2595 796 2661 filiae
830 2600 1015 2661 memoriam
1043 2596 1115 2683 (Iul.
1141 2599 1194 2680 26,
1220 2600 1271 2680 12,
1297 2600 1350 2678 21)
1384 2635 1428 2646 -
1462 2601 1495 2662 16
1519 2618 1615 2663 suum
1649 2619 1686 2663 ac

467 2704 660 2786 reipublicae
684 2705 838 2767 auxilium
861 2710 980 2787 quanta
1001 2708 1105 2790 potuit
1127 2706 1292 2788 largitione
1326 2708 1484 2771 contraxit
1506 2704 1603 2791 (Aug.
1630 2709 1682 2788 10,

468 2812 521 2891 42,
536 2810 567 2896 5)
583 2846 624 2859 -
650 2812 843 2876 conlationes
854 2814 889 2875 in
901 2812 1087 2876 alimonium
1103 2833 1138 2876 ac
1154 2813 1259 2877 dotem
1271 2814 1395 2897 puellae
1406 2815 1525 2896 recepit
1540 2810 1617 2897 (061.
1631 2815 1684 2894 42,

470 2917 543 2997 132,
569 2915 622 3002 29)
646 2953 689 2964 -
723 2920 756 2980 16
790 2918 942 2981 iudicium
977 2919 1128 2982 victoriae
1162 2920 1347 2983 altissimam
1380 2926 1500 2983 turrem
1534 2922 1686 2984 excitavit

467 3021 543 3109 (061.
568 3024 622 3105 46,
649 3026 722 3106 140,
741 3023 793 3110 13)
808 3061 853 3074 -
869 3029 1070 3109 superposuit
1092 3028 1277 3091 altissimam
1300 3035 1422 3092 turrem
1445 3030 1478 3090 in
1502 3028 1685 3110 exemplum

466 3130 676 3196 Alexandrini
700 3133 797 3197 Phari
821 3133 898 3214 (06.1.
917 3136 970 3214 20,
988 3136 1063 3215 157,
1081 3133 1134 3219 31)
1152 3172 1193 3181 -
1217 3136 1491 3199 condemnatam...
1516 3133 1683 3218 Lepidam,

465 3239 498 3300 in
514 3239 649 3320 gratiam
672 3236 796 3312 Quirini
819 3239 897 3318 (Tib.
922 3242 975 3319 49,
1003 3242 1078 3318 106,
1104 3240 1157 3326 16)
1181 3271 1223 3296 --
1246 3262 1303 3325 per
1319 3243 1367 3305 lar
1382 3244 1507 3324 piacere
1524 3262 1574 3305 a...

575 3343 604 3430 6)
626 3364 686 3408 000
704 3346 796 3409 oerda'
819 3383 863 3394 —
889 3349 921 3409 in
957 3348 1063 3410 locum
1087 3348 1136 3411 Tr.
1161 3347 1210 3411 Pl.
1246 3349 1401 3412 demortui
1424 3348 1625 3412 candidatum
1649 3367 1683 3412 se

465 3452 601 3515 ostendit
624 3453 719 3534 (Aug.
747 3453 798 3534 10,
815 3456 869 3534 41,
891 3453 945 3540 32)
974 3491 1014 3500 -
1038 3456 1072 3517 16
1096 3455 1251 3537 puerilem
1275 3455 1417 3518 habitum
1440 3457 1683 3519 circumtonsam

465 3562 642 3622 matronam
665 3556 761 3643 (Aug.
786 3561 839 3640 45,
864 3561 917 3641 60,
944 3560 974 3646 5)
995 3597 1039 3608 -
1062 3561 1244 3644 dispersis...
1268 3563 1301 3624 in
1326 3562 1454 3625 modum
1485 3568 1516 3626 et
1540 3562 1684 3625 ordinem

466 3692 694 3737 adnumerum
729 3672 891 3738 stellarum
926 3675 1068 3740 caelestis
1103 3695 1195 3740 ursae
1229 3675 1325 3760 (Aug.
1350 3677 1403 3758 80,
1430 3679 1482 3757 73,
1507 3677 1561 3761 38)
1583 3711 1628 3724 -
1651 3677 1684 3738 16

467 3778 630 3860 utriusque
653 3779 758 3842 locum
782 3781 961 3844 6616616111
984 3782 1184 3845 consulatum
1208 3781 1294 3862 (Ner.
1310 3784 1364 3862 43,
1384 3784 1457 3864 129,
1475 3782 1538 3867 29).

577 4006 711 4079 supet
724 4029 768 4041 -
787 3993 828 4079 A)
844 4013 904 4058 eoa
920 3994 1151 4059 1011101166-
1168 3997 1201 4058 1⁰
1218 4024 1260 4050 =
1276 3996 1324 4076 do,
1336 3998 1462 4079 proprio
1479 3996 1562 4060 della
1573 3997 1682 4079 lingua

465 4098 640 4181 famigliare
652 4097 705 4184 (2),
719 4105 906 4182 trasportato
923 4100 963 4164 da
978 4100 1084 4164 alcuni
1100 4104 1236 4166 scrittori
1253 4101 1350 4184 (Sall,
1364 4101 1455 4166 Gorn.
1469 4101 1562 4185 Nep,
1576 4103 1680 4184 Livio)

464 4205 547 4269 nella
569 4205 678 4288 lingua
700 4207 867 4289 letteraria,
892 4207 1030 4272 sebhene
1053 4209 1087 4272 in
1111 4227 1242 4273 numero
1257 4209 1479 4273 limitatissimo
1496 4209 1527 4272 di
1544 4212 1682 4292 esempi:

516 4519 555 4586 (1)
574 4518 729 4575 Venerat...
749 4519 778 4572 in
797 4521 880 4574 funus
899 4520 977 4591 (Oro,
998 4521 1064 4573 «Ad
1076 4523 1134 4574 Att.
1152 4543 1176 4587 ›,
1192 4522 1236 4590 16,
1252 4522 1295 4589 16,
1313 4521 1340 4590 l)
1364 4553 1393 4562 -
1408 4539 1539 4578 66666...
1556 4521 1681 4574 hostibus

463 4603 645 4659 incruoiatum
664 4606 763 4659 dedant
780 4606 855 4671 (066.
878 4608 936 4660 «de
949 4607 1012 4661 bell.
1031 4607 1095 4676 gall.
1113 4633 1136 4667 a.
1159 4611 1184 4675 7,
1207 4611 1251 4679 71,
1273 4611 1310 4678 3).
1330 4608 1407 4664 Molti
1425 4611 1452 4664 di
1471 4610 1560 4678 questi
1578 4608 1681 4676 esempi

463 4709 529 4749 sono
547 4695 574 4748 di
593 4693 678 4764 quelli
697 4700 905 4750 comunemente
923 4697 991 4751 detti
1010 4698 1122 4751 aeeooda'
1132 4698 1273 4766 predicata
1291 4701 1355 4767 (due
1367 4700 1518 4753 accusativi
1534 4698 1680 4767 all'attivo,

462 4783 514 4836 due
527 4785 630 4838 nomin.
644 4783 670 4838 al
684 4785 817 4853 passivo).

515 4872 555 4940 (2)
574 4871 705 4926 Crouaoua
723 4875 812 4929 difatti
833 4891 887 4928 non
906 4874 979 4929 l'usa
991 4875 1042 4928 che
1056 4875 1127 4928 66116
1140 4875 1236 4929 lettere
1250 4881 1278 4941 l«
1294 4877 1336 4932 El.
1349 4876 1418 4931 haec
1430 4893 1513 4945 super
1525 4881 1552 4930 te
1564 4875 1680 4930 scribam

461 4958 495 5014 ad
508 4962 535 5012 te
549 4979 573 5012 »ι
597 4982 606 5008 ‹
624 4962 665 5014 Ad
678 4963 736 5015 Art.
754 4963 931 5033 »,16,6,1).
