4092 6050
976 769 1136 832 ..33-

445 905 540 988 (Aug.
558 905 611 986 89,
629 906 682 986 77,
699 905 825 987 24,-25)
842 923 1011 988 -regem
1027 904 1233 988 Archelaum,
1250 905 1427 970 Trallianos
1444 909 1475 970 et
1490 905 1665 988 Thessalos

445 1013 533 1074 varia
556 1031 698 1094 quosque
721 1011 760 1076 de
783 1031 878 1076 eausa
902 1011 1043 1077 defendit
1067 1011 1147 1094 (Tib.
1172 1013 1203 1094 8,
1229 1013 1282 1093 91,
1308 1013 1392 1096 6·8).

556 1227 592 1288 2⁰
615 1225 781 1290 Posizione
804 1225 856 1291 del
871 1228 1016 1308 quisque.
1037 1263 1074 1272 —
1093 1225 1131 1290 In
1156 1226 1262 1310 regola
1284 1219 1432 1310 generble
1455 1251 1470 1286 ‹
1492 1228 1658 1310 quisque»

445 1333 527 1397 deve
542 1351 646 1397 essere
669 1332 856 1415 preceduto:
876 1333 910 1394 1⁰
926 1332 1027 1396 daun
1043 1332 1191 1412 relativ03
1210 1334 1245 1395 2⁰
1261 1332 1301 1396 da
1316 1352 1361 1395 un
1376 1331 1548 1412 riflessivo;
1566 1334 1601 1396 3⁰
1625 1333 1665 1396 da

446 1459 490 1503 nn
513 1439 718 1524 superlativo3
741 1442 778 1501 4⁰
793 1439 894 1503 daun
908 1457 1043 1503 numero
1060 1438 1212 1504 ordinale.
1230 1439 1411 1504 All'infuori
1426 1439 1458 1504 di
1470 1441 1574 1522 questi
1590 1441 1665 1520 casi,

444 1546 540 1611 l'idea
561 1546 594 1609 di
616 1547 826 1611 «susanne»
849 1546 876 1609 si
898 1545 997 1610 rende
1018 1544 1252 1629 regolarmente
1274 1564 1332 1629 per
1353 1570 1367 1605 ι
1389 1547 1610 1628 unusquisque
1634 1571 1665 1626 s,

446 1673 464 1718 e
487 1673 550 1717 non
574 1671 631 1736 per
660 1678 674 1710 ι
697 1655 831 1735 quisque
855 1676 870 1710 ›
892 1652 970 1717 solo.
994 1652 1123 1736 llsempi
1146 1671 1252 1716 come:
1269 1671 1332 1716 non
1348 1652 1387 1717 de
1403 1654 1498 1716 insita
1512 1655 1667 1736 cuiusque

446 1761 564 1824 virtute
587 1759 714 1844 disputo
736 1757 825 1844 (Cic,
848 1759 886 1824 P.
907 1758 1002 1841 Mun,
1019 1759 1075 1840 30)
1090 1777 1168 1823 sono
1184 1759 1373 1823 ecoezionali
1388 1759 1422 1822 in
1439 1757 1589 1824 Cicerone
1611 1761 1666 1840 (l).

446 1865 500 1929 Ma
522 1865 618 1930 molte
641 1867 806 1930 infrazioni
829 1885 848 1929 a
871 1871 984 1948 questa
1006 1865 1116 1949 regola
1130 1867 1157 1930 si
1172 1869 1306 1929 travano
1322 1865 1375 1929 nel
1390 1866 1487 1929 latino
1510 1866 1667 1950 postolas-

446 1975 521 2038 sico.
544 1973 670 2039 Eccone
694 1974 801 2038 alcuni
823 1975 945 2057 esempi
968 1975 1000 2036 in
1025 1972 1190 2037 Svetonioz
1222 1972 1345 2038 diverso
1379 1992 1538 2056 quemque
1572 1993 1669 2058 appa-

445 2086 516 2145 ratu
533 2087 565 2146 et
579 2083 791 2146 instrumento
808 2080 880 2162 (Iul.
898 2082 1018 2163 37,17,
1036 2079 1068 2166 6)
1088 2117 1124 2126 -
1143 2081 1343 2144 centuriones
1358 2080 1514 2163 cuiusque
1532 2080 1668 2164 legionis

446 2188 584 2270 singolos
617 2190 741 2271 equites
771 2188 955 2271 optulerunt
990 2187 1065 2270 (lul.
1090 2187 1145 2267 68,
1173 2188 1225 2268 28,
1251 2187 1284 2269 2)
1312 2223 1349 2232 -
1378 2186 1436 2251 hos
1470 2189 1614 2270 magistri
1648 2207 1666 2252 e

445 2294 537 2378 plebe
560 2297 715 2378 cuiusque
738 2296 873 2359 viciniae
896 2296 969 2359 lecti
992 2294 1088 2378 (Aug.
1115 2294 1167 2374 30,
1193 2295 1246 2373 51,
1271 2295 1325 2374 34)
1349 2329 1390 2340 -
1415 2296 1668 2377 promptissimus
1732 2341 1734 2344 -

447 2402 608 2466 affinitatis
641 2403 795 2484 cuiusque
820 2403 918 2485 (Aug.
942 2403 997 2483 48,
1022 2403 1076 2483 61,
1103 2402 1135 2484 1)
1161 2438 1202 2447 -
1226 2399 1366 2465 definitis
1389 2420 1445 2484 pro
1480 2402 1582 2484 gradu
1614 2421 1668 2466 cu·
1778 2437 1780 2440 ·

446 2512 559 2591 iusque
581 2507 667 2594 (ibid.
691 2510 745 2590 49,
763 2510 817 2589 61,
838 2509 893 2592 18)
912 2546 953 2556 -
970 2513 1151 2591 equestrem
1174 2507 1319 2572 militiam
1341 2513 1487 2591 petentes
1508 2511 1604 2573 etiam
1627 2528 1669 2574 ex

446 2616 718 2680 commendatione
741 2614 868 2698 publica
890 2617 1044 2698 cuiusque
1061 2615 1168 2698 oppidi
1191 2614 1355 2678 ordinabat
1369 2612 1456 2699 (ibid.
1473 2615 1527 2696 46,
1544 2615 1597 2697 60,
1611 2616 1666 2698 20)

450 2724 543 2787 —in
576 2723 707 2788 basilica
740 2725 894 2806 cuiusque
929 2722 1037 2806 oppidi
1071 2723 1166 2806 (Aug.
1197 2723 1271 2802 100,
1295 2723 1349 2802 84,
1375 2724 1429 2802 20)
1455 2760 1492 2769 -
1518 2723 1669 2806 nequod

446 2831 603 2914 refugium
638 2832 673 2893 in
695 2831 751 2894 tali
783 2830 895 2895 fraude
925 2832 1113 2912 cuiusquam
1148 2833 1231 2893 esset
1265 2828 1343 2908 (Tib.
1369 2830 1421 2909 35,
1448 2830 1522 2909 101,
1547 2827 1602 2915 31)
1628 2867 1665 2875 -

447 2935 883 3022 11111111111111101113.
906 2940 961 3018 44,
986 2937 1062 3017 139,
1088 2935 1141 3022 17)
1167 2973 1204 2981 -
1230 2955 1290 3000 nec
1312 2940 1419 2999 tamen
1448 2954 1562 3018 expers
1592 2938 1668 3001 insi·

448 3045 570 3108 diarum
594 3063 695 3126 usque
719 3063 845 3126 quaque
867 3046 1042 3128 permansit
1064 3043 1185 3124 (Claud.
1212 3044 1264 3123 13,
1293 3044 1367 3125 153,
1393 3044 1446 3123 33)
1478 3080 1509 3089 -
1541 3044 1668 3125 quando

411 3136 422 3153 '
447 3154 536 3217 vario
560 3152 653 3216 modo
676 3153 813 3235 quisque
844 3152 1016 3235 discipulos
1046 3154 1258 3216 exercuerunt
1282 3148 1343 3233 (De
1365 3150 1445 3215 rhet.
1471 3151 1500 3231 1,
1526 3152 1600 3232 269,
1627 3153 1668 3231 7).

515 3258 599 3323 Ρ11ὸ
622 3259 654 3322 la
686 3259 796 3342 regola
830 3278 895 3323 non
929 3259 973 3342 gli
1008 3260 1026 3323 1
1062 3260 1185 3342 ignota:
1222 3255 1347 3341 Singuli
1378 3258 1410 3321 in
1441 3276 1500 3321 suo
1532 3259 1668 3341 quisque

447 3386 546 3450 regno
562 3365 657 3449 (Aug.
674 3366 726 3447 60,
745 3366 801 3448 65,
819 3367 852 3448 9)
871 3403 911 3412 -
928 3384 986 3449 per
1001 3363 1292 3448 splendidissimum
1309 3382 1468 3445 quemque
1485 3362 1596 3447 (Calig.
1616 3366 1668 3440 15,

451 3475 525 3553 125,
556 3475 599 3548 4).

513 3578 651 3661 Dunque
674 3580 705 3642 al
727 3584 833 3663 tempo
857 3579 889 3642 di
913 3577 1065 3643 Suetonio
1088 3577 1120 3640 la
1141 3576 1247 3660 regola
1269 3596 1334 3639 non
1351 3579 1369 3639 1
1384 3594 1500 3639 ancora
1515 3578 1663 3659 perduta;

448 3685 606 3749 senonohe
634 3722 671 3730 -
696 3685 774 3749 fatto
797 3704 933 3749 comune
956 3683 995 3747 ad
1017 3683 1097 3747 altre
1120 3682 1227 3767 regola
1256 3682 1384 3746 nell'eta
1406 3686 1558 3765 argentea
1585 3721 1622 3730 -
1648 3703 1667 3747 o

449 3790 480 3854 la
502 3792 529 3855 si
553 3791 678 3855 violava
710 3791 878 3856 senz'altro
902 3811 921 3855 o
944 3810 1001 3874 per
1023 3791 1054 3854 lo
1082 3809 1175 3855 meno
1200 3790 1278 3855 lesi
1302 3790 1381 3852 dava
1404 3808 1469 3853 una
1492 3791 1547 3872 piir
1569 3791 1669 3855 libera

449 3898 723 3981 interpretazione.

562 4092 598 4154 3⁰
619 4089 789 4174 «Quisque
804 4115 819 4149 ›
839 4120 880 4145 =
898 4092 1001 4156 omnis
1017 4111 1035 4155 o
1052 4092 1195 4174 quilibet.
1212 4130 1249 4138 -
1269 4092 1296 4156 Il
1310 4092 1468 4156 Riemann
1483 4090 1586 4177 (Synt.
1605 4093 1669 4173 lat,

450 4218 520 4283 pag.
545 4198 600 4285 40)
615 4199 646 4263 11
665 4200 831 4264 considera
854 4218 943 4263 come
966 4199 1226 4283 un'improprieta
1248 4201 1332 4264 della
1353 4199 1462 4283 lingua
1485 4199 1669 4282 lamigliare,

451 4324 468 4369 1
492 4306 569 4369 cita:
589 4325 690 4389 genus
713 4310 745 4370 et
768 4306 907 4389 speciem
929 4307 1084 4388 cuiusque
1107 4307 1154 4370 rei
1176 4325 1308 4371 cernere
1331 4305 1418 4387 (Cic,
1439 4304 1491 4369 Or.
1518 4306 1580 4386 16).

516 4412 641 4476 Ecoone
654 4414 773 4495 esempi
787 4414 821 4475 in
835 4410 998 4477 Suetonio:
1014 4412 1214 4477 observatum
1231 4419 1287 4495 est,
1304 4413 1363 4477 sub
1381 4414 1534 4495 cuiusque
1551 4412 1671 4475 oibtum

450 4522 505 4598 (=
522 4519 582 4582 alla
604 4522 707 4583 morte
730 4518 763 4583 di
786 4516 956 4605 qualcuno)
978 4519 1123 4583 arborem
1146 4520 1186 4583 ab
1208 4521 1277 4603 ipso
1292 4520 1470 4584 institutam
1494 4518 1672 4601 elanguisse

504 4784 544 4848 (1)
565 4780 644 4836 Nelle
662 4782 782 4838 oracioni
800 4798 855 4837 non
874 4781 998 4837 abbiamo
1016 4782 1068 4836 che
1082 4784 1098 4837 3
1111 4782 1162 4837 1111
1180 4782 1273 4853 luoghi
1292 4783 1363 4837 dove
1381 4781 1408 4837 la
1426 4781 1518 4850 regola
1536 4781 1577 4835 sia
1595 4796 1672 4834 vera·

450 4875 542 4925 monte
558 4872 670 4941 violata,
691 4888 768 4927 come
787 4870 898 4926 afferma
915 4873 950 4927 A.
970 4870 1202 4927 (iaso-Drerossts
1220 4871 1293 4926 nella
1314 4891 1326 4917 ‹
1348 4871 1442 4925 Revue
1461 4871 1494 4925 de
1513 4869 1670 4939 philologis,

452 4958 588 5014 01111111.
609 4963 637 5014 11
655 4960 799 5016 d’histoire
818 4961 953 5015 ancienne
973 4985 998 5030 »,
1018 4960 1086 5029 XII,
1109 4960 1170 5014 105.
