4092 6050
913 791 1071 853 ..69-

492 929 521 991 1.
549 925 733 1007 rompono
757 954 798 980 =
822 925 955 990 durante
973 965 1013 974 —
1031 931 1064 991 et
1078 928 1145 1011 ipse
1158 928 1217 992 sibi
1231 928 1319 990 visus
1331 931 1380 990 est
1391 946 1447 1009 ρον
1462 928 1600 1008 quietem

378 1033 538 1098 interdum
560 1052 657 1115 supra
679 1031 782 1096 nubes
806 1033 938 1097 volitare
962 1033 1032 1114 (Iul.
1058 1036 1111 1115 81,
1138 1036 1191 1116 33,
1218 1032 1272 1118 38)
1294 1070 1328 1078 -
1355 1052 1412 1115 ρον
1432 1031 1600 1098 duodecim

376 1142 441 1207 fere
475 1160 607 1204 annos...
643 1139 874 1223 rempublicam
907 1143 1010 1205 tenuit
1043 1140 1139 1226 (Aug.
1165 1143 1277 1222 8,41,
1302 1142 1354 1218 14)
1380 1159 1598 1223 -percon-

375 1249 482 1313 tinuos
505 1266 631 1311 menses
654 1246 751 1311 barba
785 1246 960 1329 capilloque
995 1250 1166 1313 summisso
1201 1248 1298 1330 (Aug.
1323 1248 1376 1328 23,
1400 1248 1454 1326 47,
1479 1248 1533 1327 29)
1559 1285 1595 1293 -

374 1373 479 1418 cum...
492 1374 549 1436 per
563 1356 754 1417 nocturnum
769 1354 829 1417 iter
844 1353 1019 1419 lecticam...
1036 1355 1143 1438 fulgur
1158 1356 1415 1438 praestrinxisset
1431 1352 1526 1436 (Aug.
1546 1356 1599 1436 29,

378 1462 429 1541 51,
455 1462 508 1539 20)
534 1497 571 1506 -
598 1460 747 1543 pleraque
771 1461 901 1542 pessimi
921 1461 1059 1544 exempli
1082 1464 1115 1525 in
1138 1462 1313 1544 perniciem
1336 1460 1526 1543 publicam...
1543 1480 1600 1543 ρον

377 1584 488 1651 pacem
511 1568 605 1630 ctiam
629 1567 799 1630 extiterant
820 1568 916 1649 (Aug.
942 1569 995 1649 32,
1020 1570 1073 1649 53,
1090 1571 1174 1648 5)-
1194 1587 1250 1651 ρον
1272 1566 1493 1631 celeberrimos
1507 1566 1599 1631 ludos

375 1671 471 1756 (Aug.
507 1674 560 1753 44,
586 1674 639 1752 59,
665 1671 696 1757 1)
719 1708 763 1720 -
786 1692 844 1757 ρον
877 1676 1075 1739 occasionem
1109 1674 1297 1740 valitudinis
1332 1675 1506 1756 mortisque
1529 1676 1598 1739 eius

376 1781 472 1862 (Aug.
497 1780 550 1859 67,
576 1779 629 1860 68,
654 1780 708 1858 25)
734 1817 773 1826 -
798 1798 855 1862 ρον
876 1779 961 1844 idem
983 1781 1048 1846 fere
1071 1787 1198 1864 tempus
1224 1779 1329 1860 (Galb.
1356 1782 1408 1861 10,
1433 1780 1508 1861 204,
1534 1780 1597 1866 11).

488 1888 517 1948 2.
543 1884 658 1949 Locole
681 1913 722 1940 =
747 1888 922 1951 attraverso
949 1924 988 1935 -
1004 1907 1061 1971 ρον
1076 1886 1238 1971 publicum
1267 1888 1398 1951 incessit
1421 1887 1519 1970 (Aug.
1544 1889 1598 1967 53,

377 1993 430 2074 62,
455 1994 510 2075 34)
536 2026 570 2037 -
599 2010 673 2054 cum
696 2010 753 2074 per
776 1998 896 2056 secreta
919 1992 1070 2058 Thraciae
1087 1995 1263 2059 exercitum
1279 1994 1408 2058 duceret
1430 1992 1525 2077 (Aug.
1544 1994 1597 2074 94,

378 2101 429 2176 79,
455 2099 508 2178 36)
535 2134 571 2143 -
598 2117 671 2161 cum
695 2118 752 2181 ρον
774 2099 937 2181 publicum
960 2100 1079 2164 dimota
1094 2120 1291 2183 paganorum
1314 2101 1407 2163 turba
1421 2098 1524 2185 (Galb.
1545 2101 1597 2180 19,

375 2206 451 2287 208,
476 2206 507 2284 2)
534 2241 570 2249 -
590 2202 721 2267 Claudio
738 2224 795 2287 per
812 2206 898 2270 aleae
913 2206 1054 2269 studium
1070 2207 1238 2271 familiaris
1253 2207 1299 2292 (1)
1319 2207 1395 2286 (Vit.
1412 2211 1444 2287 4,
1462 2207 1537 2288 217,
1555 2209 1596 2285 1).

441 2312 457 2375 1
469 2313 613 2394 seguenti
626 2312 732 2374 hanno
745 2331 788 2374 un
800 2310 975 2394 significato
988 2312 1203 2378 distributivo:
1218 2332 1275 2396 ρον
1285 2314 1446 2377 centurias
1457 2333 1597 2397 pronun-

373 2421 467 2484 tiaret
478 2418 550 2505 (Iul.
566 2420 618 2501 19,
636 2421 666 2498 9,
685 2421 715 2499 5)
734 2456 769 2465 —
783 2418 943 2502 dispositis
954 2438 1009 2503 per
1022 2427 1198 2504 opportuna
1213 2421 1283 2485 loca
1298 2421 1484 2485 stationibus
1499 2418 1596 2505 (Aug.

375 2529 429 2609 32,
448 2529 501 2606 53,
520 2528 574 2609 10)
595 2565 624 2573 -
651 2529 782 2591 iuvenes
798 2526 931 2591 modicis
946 2527 1121 2591 intervallis
1136 2547 1192 2610 ρον
1208 2528 1353 2591 militaris
1365 2530 1431 2594 vias
1444 2529 1599 2612 disposuit

374 2630 473 2716 (Aug.
487 2634 541 2714 49,
559 2634 612 2712 61,
626 2634 679 2712 25)
693 2668 733 2677 -
747 2632 791 2695 ita
806 2637 842 2694 ut
857 2650 913 2714 ρον
928 2633 1070 2715 singulos
1081 2634 1179 2697 lectos
1190 2632 1320 2697 licitatio
1331 2633 1423 2699 fieret
1433 2632 1530 2719 (Aug.
1544 2636 1596 2714 75,

379 2741 433 2820 72,
450 2737 503 2824 14)
521 2776 558 2784 -
575 2740 609 2800 in
626 2737 810 2823 cooptandis
830 2756 887 2821 per
910 2738 1042 2822 collegia
1064 2739 1279 2804 sacerdotibus
1294 2739 1352 2821 (Ol.
1370 2742 1423 2820 22,
1441 2741 1515 2822 159,
1533 2742 1595 2821 15).

487 2846 519 2910 3.
546 2843 776 2909 Strumamulc.
798 2880 834 2890 -
852 2843 1051 2928 Nellaprosa
1075 2846 1205 2911 classica
1229 2846 1367 2911 l’Accus.
1392 2848 1596 2913 strumentale

375 2972 434 3016 con
457 2951 486 3015 la
511 2971 595 3036 prep.
616 2971 675 3035 ρον
699 2952 793 3015 viene
817 2951 986 3035 adoperato
1010 2953 1136 3036 quando
1159 2951 1181 3014 il
1206 2972 1313 3017 mezzo
1336 2954 1383 3018 sia
1397 2973 1540 3038 espresso
1556 2956 1597 3018 da

376 3078 421 3121 un
432 3078 526 3124 nome
542 3058 573 3121 di
588 3077 733 3142 persona.
747 3057 801 3122 Ma
815 3058 896 3122 l’uso
912 3060 938 3122 si
955 3058 1086 3124 estende
1101 3061 1154 3124 nei
1168 3061 1255 3143 poeti
1270 3079 1287 3124 ο
1303 3059 1388 3125 nella
1403 3080 1495 3144 prosa
1511 3068 1595 3144 post·

376 3165 506 3230 classica
529 3166 568 3229 ad
591 3167 665 3248 ogni
688 3169 775 3228 sorta
797 3165 829 3228 di
853 3167 953 3229 nomi:
977 3202 1021 3214 -
1046 3165 1123 3230 Gaio
1142 3166 1272 3231 Calvo...
1289 3168 1328 3232 de
1343 3168 1596 3233 reconciliatione

373 3291 429 3355 per
462 3275 581 3336 amicos
613 3273 719 3356 agenti
741 3272 812 3351 (Iul.
838 3273 891 3354 73,
917 3275 969 3355 29,
995 3275 1049 3355 29)
1075 3312 1111 3320 -
1139 3283 1194 3338 aut
1221 3277 1254 3338 in
1285 3276 1432 3339 contione
1458 3280 1514 3338 aut
1539 3295 1596 3358 ρον

374 3379 512 3443 edictum
536 3379 616 3443 ullos
632 3378 769 3442 militum
793 3380 1024 3456 commilitones
1036 3382 1214 3466 appellabat
1224 3379 1321 3465 (Aug.
1339 3383 1392 3464 25,
1409 3382 1463 3461 48,
1480 3382 1535 3463 12)
1548 3383 1594 3463 (2)

373 3505 481 3568 —per
492 3505 630 3567 quorum
642 3490 849 3566 (senatorum)
860 3505 1029 3552 numerum
1039 3486 1287 3553 decretaconfici
1298 3494 1425 3571 possent
1435 3485 1531 3572 (Aug.
1542 3489 1594 3568 35,

376 3594 428 3673 54,
445 3593 501 3662 35)
530 3631 560 3640 —
589 3591 730 3676 Nepotes
753 3599 784 3657 et
806 3593 925 3657 litteras
948 3600 979 3658 et
1001 3600 1111 3659 notare
1134 3595 1259 3678 aliaque
1281 3595 1461 3660 rudimenta
1482 3615 1540 3678 per
1561 3615 1595 3660 se

372 3698 560 3781 plerumque
576 3698 684 3765 docuit
699 3701 797 3782 (Aug.
815 3701 868 3778 64,
886 3700 939 3782 66,
957 3699 1010 3786 23)
1026 3700 1071 3786 (3)
1087 3739 1128 3748 -
1142 3700 1295 3777 Quotiens
1309 3722 1366 3785 per
1382 3707 1471 3766 notas
1486 3702 1596 3767 scribit

372 3807 468 3889 (Aug.
493 3807 547 3886 88,
564 3807 595 3888 7,
620 3808 651 3885 7)
679 3845 716 3854 -
743 3807 849 3872 Huius
871 3827 1080 3891 cognomen...
1104 3829 1162 3892 ρον
1177 3830 1275 3873 unam
1291 3810 1425 3874 litteram
1442 3812 1594 3893 scriptum

373 3913 588 3978 animadverto
612 3912 671 3999 (De
695 3935 741 3998 gr.
767 3916 798 3996 6,
816 3916 890 3996 260,
908 3917 941 3998 4)
967 3919 1021 3997 (4).

426 4093 466 4164 (1)
484 4093 537 4161 Qui
557 4094 577 4149 il
593 4113 644 4165 ρον
662 4097 790 4164 potrebbe
821 4097 909 4151 anche
938 4114 1004 4152 aver
1029 4099 1182 4167 significato
1210 4099 1325 4154 causale
1349 4101 1470 4155 oancbs
1489 4101 1594 4155 modale

373 4184 446 4250 (verli
463 4185 570 4254 saguito
583 4202 611 4238 n.
626 4188 665 4253 4⁰,
681 4187 732 4256 5⁰).

428 4273 466 4342 (2)
486 4273 542 4328 Che
561 4279 659 4343 questa
684 4277 776 4344 specie
802 4276 924 4333 d’accus.
945 4292 995 4331 con
1017 4295 1070 4346 ρον
1094 4279 1253 4334 sostituisca
1272 4279 1292 4333 il
1310 4280 1357 4349 piir
1374 4280 1445 4334 delle
1464 4280 1537 4334 volte
1555 4297 1594 4334 un

372 4377 434 4415 νονο
453 4362 539 4417 ablat.
559 4365 741 4419 strumentcle
759 4364 774 4418 e
793 4370 908 4433 provata
926 4365 971 4420 dal
990 4367 1060 4421 latto
1078 4367 1129 4421 che
1147 4367 1174 4421 la
1192 4370 1339 4422 medasima
1355 4370 1428 4423 frase
1447 4368 1461 4422 ὸ
1480 4368 1594 4423 talvolta

373 4466 499 4518 espressa
518 4467 569 4506 eon
588 4453 663 4508 detto
675 4453 806 4511 ablativo.
827 4453 888 4509 Coei
907 4461 1020 4510 secante
1039 4473 1054 4509 a
1070 4457 1265 4527 peredtctam,
1286 4459 1336 4511 che
1354 4458 1486 4512 trouiamc
1505 4459 1532 4510 in
1546 4457 1594 4526 pid

371 4537 434 4592 altri
452 4538 546 4610 luoghi
568 4542 595 4595 di
614 4541 754 4613 Suetonio,
774 4544 909 4598 treviamo
929 4543 949 4597 il
968 4544 1098 4613 semplice
1116 4545 1201 4600 ablat.
1221 4546 1311 4600 edicto
1331 4548 1414 4616 (Aug.
1429 4546 1473 4614 28,
1488 4546 1532 4616 50,
1547 4547 1591 4615 30,

372 4629 416 4698 31,
432 4628 476 4699 52,
491 4631 543 4698 35;
564 4631 608 4702 42,
623 4635 668 4700 57,
683 4633 740 4699 21).

425 4717 464 4786 (3)
483 4718 550 4772 Vedi
571 4720 705 4790 Rmuruu,
730 4721 883 4792 «Syntaxe
902 4722 987 4777 latino
1003 4747 1027 4791 a,
1049 4741 1075 4794 p.
1092 4725 1154 4787 167,
1168 4729 1232 4779 nota

424 4809 463 4874 (4)
483 4807 585 4873 Questo
604 4811 724 4880 essmpio
743 4812 811 4867 dove
830 4811 877 4882 pid
895 4813 945 4867 che
964 4812 1069 4868 altrovs
1088 4813 1103 4868 ὸ
1121 4814 1247 4869 evidente
1262 4814 1288 4868 la
1302 4815 1504 4884 significazione
1520 4820 1593 4870 stru-

371 4895 490 4951 mentale
509 4913 627 4967 segnae
651 4901 744 4971 spioga
762 4901 782 4956 il
800 4903 941 4973 passaggio
961 4921 976 4956 a
995 4903 1086 4972 quelle
1104 4904 1175 4958 seria
1193 4904 1333 4959 d'accus.:
1353 4907 1452 4959 strum.
1475 4921 1525 4959 con
1540 4921 1593 4974 per

372 4983 422 5038 obe
441 4988 635 5044 sostitciscono
654 4989 737 5048 ablat.
758 4991 895 5061 d'agente.
